identifier,transaction_count,avg_price_eth,max_price_eth,min_price_eth,total_volume_eth,unique_buyers,unique_sellers,collection
9926,17,0.9256588235294118,1.66,0.73,15.7362,1,1,Doodles
9997,3,29.896666666666665,50.0,3.69,89.69,1,1,Doodles
9923,9,2.714433333333333,4.9999,0.99,24.4299,1,1,Doodles
9991,16,5.63524375,24.99,0.369,90.1639,1,1,Doodles
9958,1,1.35,1.35,1.35,1.35,1,1,Doodles
9998,4,5.353025,13.7,1.9321,21.4121,1,1,Doodles
9928,1,0.9399,0.9399,0.9399,0.9399,1,1,Doodles
9935,5,3.4248000000000003,6.9,0.754,17.124000000000002,1,1,Doodles
9981,5,3.834000000000001,12.89,0.85,19.17,1,1,Doodles
9984,7,1.8622142857142856,5.0,0.7386,13.0355,1,1,Doodles
9933,1,1.2,1.2,1.2,1.2,1,1,Doodles
9942,4,1.58499975,1.839999,1.3,6.339999,1,1,Doodles
9985,2,1.65,1.9,1.4,3.3,1,1,Doodles
9952,4,6.5525,12.5,3.27,26.21,1,1,Doodles
9946,3,2.9166666666666665,3.95,1.5,8.75,1,1,Doodles
9927,5,3.16,8.4,1.49,15.8,1,1,Doodles
9948,8,3.62554075,6.89,1.34,29.004326,1,1,Doodles
9934,4,5.693499999999999,16.9,1.19,22.774,1,1,Doodles
9966,2,1.125,1.13,1.12,2.25,1,1,Doodles
9925,5,2.52358,4.5,1.2389,12.6179,1,1,Doodles
9970,2,2.51,2.8,2.22,5.02,1,1,Doodles
9965,2,6.6115,12.1,1.123,13.223,1,1,Doodles
9929,3,4.837,11.95,1.25,14.511,1,1,Doodles
9951,5,6.986879999999999,15.4444,1.5,34.9344,1,1,Doodles
9989,1,3.88,3.88,3.88,3.88,1,1,Doodles
9931,6,8.455,14.49,1.1,50.73,1,1,Doodles
9967,2,1.17,1.29,1.05,2.34,1,1,Doodles
9947,4,6.916875,11.6,1.4675,27.6675,1,1,Doodles
9936,35,5.0284,6.22,1.09,175.994,1,1,Doodles
9960,3,4.68,11.99,0.75,14.04,1,1,Doodles
9922,45,3.5255884,15.39,0.798,158.651478,1,1,Doodles
9959,2,5.525,10.0,1.05,11.05,1,1,Doodles
9949,14,3.6012142857142857,15.5,0.95,50.417,1,1,Doodles
9955,23,2.47844347826087,19.69,0.431,57.0042,1,1,Doodles
9968,2,7.12,13.0,1.24,14.24,1,1,Doodles
9988,4,6.266749999999999,16.49,1.377,25.067,1,1,Doodles
9937,17,2.489987647058823,7.5,0.46,42.32979,1,1,Doodles
9972,1,1.24,1.24,1.24,1.24,1,1,Doodles
9992,1,5.0,5.0,5.0,5.0,1,1,Doodles
9986,3,3.8425666666666665,7.0,2.2277,11.5277,1,1,Doodles
9930,30,2.161164,13.0,0.982,64.83492,1,1,Doodles
9983,3,2.13,3.94,1.19,6.39,1,1,Doodles
9945,14,2.6470714285714285,6.23,1.2,37.059,1,1,Doodles
9990,33,2.6343238787878787,4.48,0.996,86.932688,1,1,Doodles
9961,7,3.612414285714286,14.75,0.8369,25.2869,1,1,Doodles
9939,4,2.1725,3.15,1.09,8.69,1,1,Doodles
9940,7,2.719642857142857,7.7,1.2245,19.0375,1,1,Doodles
9956,2,1.3925,1.49,1.295,2.785,1,1,Doodles
9978,1,1.6,1.6,1.6,1.6,1,1,Doodles
9987,0,0.0,0.0,0.0,0.0,0,0,Doodles
9982,3,2.6266666666666665,4.68,1.33,7.88,1,1,Doodles
9953,2,2.6,3.75,1.45,5.2,1,1,Doodles
9941,6,2.063199833333333,6.4,1.0469,12.379199,1,1,Doodles
9994,25,4.277044,5.79,1.67,106.9261,1,1,Doodles
9921,8,1.0664735,1.49,0.955,8.531788,1,1,Doodles
9963,20,3.6093495,6.7,1.15,72.18699000000001,1,1,Doodles
9977,2,9.35,15.25,3.45,18.7,1,1,Doodles
9957,4,3.4825,8.0,1.1,13.93,1,1,Doodles
9993,24,4.3187875,6.59,2.22,103.6509,1,1,Doodles
9975,21,3.453985714285714,25.0,0.9288,72.5337,1,1,Doodles
9932,1,1.2,1.2,1.2,1.2,1,1,Doodles
9995,2,1.399,1.949,0.849,2.798,1,1,Doodles
9938,7,3.846871428571429,16.69,1.149,26.928100000000004,1,1,Doodles
9954,52,2.8411442115384613,11.3,0.42991,147.739499,1,1,Doodles
9996,10,3.1169,14.1,0.889,31.169,1,1,Doodles
9964,21,3.068106,11.9,0.461,64.430226,1,1,Doodles
9962,2,7.995,15.0,0.99,15.99,1,1,Doodles
9999,2,1.834,2.689,0.979,3.668,1,1,Doodles
9944,19,2.876601,5.39,0.971,54.655419,1,1,Doodles
9924,2,2.4195,3.94,0.899,4.839,1,1,Doodles
9980,12,2.8797908333333333,7.9,0.77,34.55749,1,1,Doodles
9920,3,10.163333333333334,23.5,1.49,30.49,1,1,Doodles
9979,0,0.0,0.0,0.0,0.0,0,0,Doodles
9943,4,4.181725,6.4269,2.3,16.7269,1,1,Doodles
9976,10,2.2862940000000003,8.0,0.557,22.86294,1,1,Doodles
9973,2,7.75,12.0,3.5,15.5,1,1,Doodles
9974,1,3.3,3.3,3.3,3.3,1,1,Doodles
9971,6,3.2300000000000004,9.99,1.05,19.380000000000003,1,1,Doodles
9969,0,0.0,0.0,0.0,0.0,0,0,Doodles
9950,10,1.4448782999999998,2.545,0.9,14.448783,1,1,Doodles
9919,5,7.636,14.0,1.09,38.18,1,1,Doodles
9804,3,7.166666666666667,9.0,5.0,21.5,1,1,Doodles
9786,4,1.52,1.68,1.35,6.08,1,1,Doodles
9742,6,11.228333333333332,23.23,2.45,67.37,1,1,Doodles
9705,7,3.624142857142857,8.0,1.2,25.369,1,1,Doodles
9912,19,4.263294736842106,21.0,1.0,81.0026,1,1,Doodles
9870,8,1.1890875,1.23,1.16,9.5127,1,1,Doodles
9855,20,3.2106000000000003,6.739,1.18,64.212,1,1,Doodles
9878,60,2.8131091333333336,13.0,0.49996,168.786548,1,1,Doodles
9796,30,1.2947471333333334,9.69,0.42,38.842414,1,1,Doodles
9700,6,3.348333333333333,5.0,0.9,20.09,1,1,Doodles
9809,3,7.225,16.5,1.185,21.675,1,1,Doodles
9858,4,4.525,7.0,1.19,18.1,1,1,Doodles
9886,6,3.0141666666666667,11.0,1.02,18.085,1,1,Doodles
9844,6,1.2599166666666666,1.5,1.0,7.5595,1,1,Doodles
9727,3,2.3446666666666665,2.59,2.0,7.034,1,1,Doodles
9821,7,8.6,19.0,3.05,60.2,1,1,Doodles
9877,10,1.4667326,2.99,0.6279,14.667326,1,1,Doodles
9739,13,4.176639076923077,15.0,1.052308,54.296308,1,1,Doodles
9810,4,6.6806,17.88,1.2334,26.7224,1,1,Doodles
9720,7,2.95567,12.42069,1.0,20.68969,1,1,Doodles
9851,2,1.4049999999999998,1.43,1.38,2.81,1,1,Doodles
9701,13,4.834992307692308,18.48,1.1,62.8549,1,1,Doodles
9849,12,2.999825,7.3769,0.46,35.9979,1,1,Doodles
9787,2,1.545,1.99,1.1,3.09,1,1,Doodles
9728,21,3.289630523809524,11.5,0.931,69.082241,1,1,Doodles
9785,37,4.740196486486487,25.0,0.78,175.38727,1,1,Doodles
9816,4,5.875,10.4,1.4,23.5,1,1,Doodles
9835,2,1.4395,1.68,1.199,2.879,1,1,Doodles
9891,1,3.33,3.33,3.33,3.33,1,1,Doodles
9798,3,1.6,2.85,0.95,4.8,1,1,Doodles
9743,3,2.2263333333333333,2.99,1.189,6.679,1,1,Doodles
9791,6,5.628166666666666,17.15,0.95,33.769,1,1,Doodles
9713,9,1.7581773333333333,3.55,0.42,15.823596,1,1,Doodles
9753,18,4.585105388888889,15.0,0.74,82.531897,1,1,Doodles
9732,3,4.266666666666667,6.0,1.8,12.8,1,1,Doodles
9917,6,8.448333333333332,14.39,0.9,50.69,1,1,Doodles
9736,2,2.9705,4.0,1.941,5.941,1,1,Doodles
9792,2,6.975,13.0,0.95,13.95,1,1,Doodles
9812,2,8.495000000000001,12.49,4.5,16.990000000000002,1,1,Doodles
9706,16,6.2534375,17.99,1.0,100.055,1,1,Doodles
9715,3,6.383333333333333,13.69,1.46,19.15,1,1,Doodles
9754,15,3.82806,10.898,0.92,57.4209,1,1,Doodles
9797,5,4.17,12.5,1.0,20.85,1,1,Doodles
9794,31,3.770890806451613,23.0,0.823,116.897615,1,1,Doodles
9880,29,4.450156931034483,13.96,0.8969,129.054551,1,1,Doodles
9904,3,7.6633,14.5,1.4799,22.9899,1,1,Doodles
9903,1,1.18,1.18,1.18,1.18,1,1,Doodles
9795,2,9.8,18.0,1.6,19.6,1,1,Doodles
9896,8,1.71358675,3.789697,0.88,13.708694,1,1,Doodles
9747,3,5.946666666666666,12.99,1.4,17.84,1,1,Doodles
9730,4,9.112825,25.0,1.89,36.4513,1,1,Doodles
9899,2,7.4775,13.705,1.25,14.955,1,1,Doodles
9910,2,1.225,1.45,1.0,2.45,1,1,Doodles
9888,3,1.483,1.89,1.23,4.449,1,1,Doodles
9735,2,6.6105,11.98,1.241,13.221,1,1,Doodles
9875,4,6.15245,16.0,0.9998,24.6098,1,1,Doodles
9703,7,4.394271428571428,12.69,0.9,30.7599,1,1,Doodles
9788,2,1.2075,1.365,1.05,2.415,1,1,Doodles
9733,11,2.788272727272727,8.69,1.22,30.671,1,1,Doodles
9710,5,5.518,6.65,1.05,27.59,1,1,Doodles
9772,1,1.469,1.469,1.469,1.469,1,1,Doodles
9717,1,69.0,69.0,69.0,69.0,1,1,Doodles
9759,2,4.83,6.66,3.0,9.66,1,1,Doodles
9806,9,4.83432,9.0,1.03998,43.50888,1,1,Doodles
9825,3,1.7232333333333336,2.16,0.86,5.169700000000001,1,1,Doodles
9770,24,1.730567875,3.214,0.813,41.533629,1,1,Doodles
9758,4,3.7375,6.5,1.3,14.95,1,1,Doodles
9820,23,6.024352173913044,20.999,1.2,138.5601,1,1,Doodles
9745,14,3.4997857142857143,15.0,0.989,48.997,1,1,Doodles
9698,8,2.0351125,7.5,0.53,16.2809,1,1,Doodles
9734,4,10.83525,15.0,1.441,43.341,1,1,Doodles
9783,5,2.51,6.9,0.85,12.55,1,1,Doodles
9793,14,2.4717071428571424,7.35,0.9,34.6039,1,1,Doodles
9873,1,1.7,1.7,1.7,1.7,1,1,Doodles
9861,8,3.13254375,11.0,0.94,25.06035,1,1,Doodles
9718,2,3.84,3.99,3.69,7.68,1,1,Doodles
9722,9,3.509155555555556,16.0,1.02,31.5824,1,1,Doodles
9744,4,6.045,20.0,0.89,24.18,1,1,Doodles
9725,34,3.9211,15.99,1.25,133.3174,1,1,Doodles
9817,3,1.3266666666666669,1.6,0.98,3.98,1,1,Doodles
9719,3,10.293333333333331,22.0,3.0,30.88,1,1,Doodles
9769,5,4.465999999999999,11.85,1.2,22.33,1,1,Doodles
9885,21,4.198252380952381,7.699,0.46,88.1633,1,1,Doodles
9833,2,1.575,1.9,1.25,3.15,1,1,Doodles
9716,4,6.64772475,10.0,1.14,26.590899,1,1,Doodles
9756,1,1.39,1.39,1.39,1.39,1,1,Doodles
9802,9,2.354322,12.0,0.945,21.188898,1,1,Doodles
9838,17,2.4923470588235297,7.0,1.1,42.3699,1,1,Doodles
9711,27,4.3244444444444445,14.75,1.05,116.76,1,1,Doodles
9867,1,1.92,1.92,1.92,1.92,1,1,Doodles
9741,5,3.11684,6.5,1.09,15.5842,1,1,Doodles
9892,4,14.285,22.25,6.9,57.14,1,1,Doodles
9774,25,4.71058,6.73,0.398,117.7645,1,1,Doodles
9827,18,4.642451111111111,16.0,0.596,83.56412,1,1,Doodles
9814,7,2.975,6.8,1.53,20.825,1,1,Doodles
9704,3,2.7096666666666667,4.85,1.4,8.129,1,1,Doodles
9908,8,2.486,7.2,1.47,19.888,1,1,Doodles
9789,3,6.816666666666666,18.0,1.2,20.45,1,1,Doodles
9813,12,3.806733333333333,13.75,1.0239,45.6808,1,1,Doodles
9803,12,4.748066666666666,21.0,0.99,56.9768,1,1,Doodles
9900,36,4.355720861111111,6.59,0.76,156.805951,1,1,Doodles
9832,4,1.94225,2.33,1.239,7.769,1,1,Doodles
9879,2,1.3999,1.85,0.9498,2.7998000000000003,1,1,Doodles
9868,8,6.877375,13.7,1.18,55.019,1,1,Doodles
9762,11,1.3386727272727272,3.705,0.87,14.7254,1,1,Doodles
9779,2,5.4,9.9,0.9,10.8,1,1,Doodles
9916,4,6.8025,14.9,1.4,27.21,1,1,Doodles
9784,1,1.0,1.0,1.0,1.0,1,1,Doodles
9755,3,8.626,15.5,1.49,25.878,1,1,Doodles
9726,2,1.85,2.6,1.1,3.7,1,1,Doodles
9871,2,5.675,10.0,1.35,11.35,1,1,Doodles
9887,6,7.390000000000001,14.25,1.38,44.34,1,1,Doodles
9761,12,6.319441583333333,23.7,0.67,75.833299,1,1,Doodles
9811,34,2.1225014117647056,16.5,0.42,72.165048,1,1,Doodles
9840,4,5.445775,16.3,1.1831,21.7831,1,1,Doodles
9911,34,1.9151323235294115,8.99,1.0,65.114499,1,1,Doodles
9841,4,2.325,3.1,1.7,9.3,1,1,Doodles
9894,1,3.0,3.0,3.0,3.0,1,1,Doodles
9831,4,4.1,6.5,2.9,16.4,1,1,Doodles
9781,6,6.355,15.95,0.8,38.13,1,1,Doodles
9699,1,1.2,1.2,1.2,1.2,1,1,Doodles
9819,8,3.84012475,7.4,1.4,30.720998,1,1,Doodles
9767,5,2.348,6.88,1.0,11.74,1,1,Doodles
9847,2,2.345,3.29,1.4,4.69,1,1,Doodles
9760,23,2.255747391304348,13.5,1.1,51.88219,1,1,Doodles
9853,15,4.006901333333333,22.0,0.403,60.10352,1,1,Doodles
9902,5,9.648,15.99,1.11,48.24,1,1,Doodles
9918,5,4.335800000000001,15.5,1.23,21.679,1,1,Doodles
9724,3,7.0,17.8,1.5,21.0,1,1,Doodles
9906,13,5.91153076923077,20.0,1.2599,76.8499,1,1,Doodles
9707,2,1.1749999999999998,1.4,0.95,2.35,1,1,Doodles
9702,30,2.9600326333333333,5.69,0.47,88.800979,1,1,Doodles
9915,7,10.705285714285711,22.0,1.35,74.937,1,1,Doodles
9751,2,1.605,1.95,1.26,3.21,1,1,Doodles
9890,5,5.968,16.0,1.24,29.84,1,1,Doodles
9801,5,2.20954,2.8577,1.0,11.0477,1,1,Doodles
9828,12,5.7634541666666665,14.0,2.98,69.16145,1,1,Doodles
9757,2,4.25,7.0,1.5,8.5,1,1,Doodles
9837,1,2.99,2.99,2.99,2.99,1,1,Doodles
9777,1,1.25,1.25,1.25,1.25,1,1,Doodles
9852,4,6.5525,21.0,0.89,26.21,1,1,Doodles
9889,1,1.25,1.25,1.25,1.25,1,1,Doodles
9893,2,1.67,2.5,0.84,3.34,1,1,Doodles
9714,6,4.495816666666667,10.0,0.9799,26.9749,1,1,Doodles
9843,8,4.6835625,13.95,0.949,37.4685,1,1,Doodles
9842,36,3.2704103333333334,4.625,1.16,117.734772,1,1,Doodles
9752,26,4.58487226923077,16.9,0.96878,119.206679,1,1,Doodles
9749,14,2.1964914285714285,3.11,0.362,30.75088,1,1,Doodles
9884,9,4.098861222222222,10.123,1.1,36.889751,1,1,Doodles
9771,2,5.9101,6.0,5.8202,11.8202,1,1,Doodles
9750,31,2.582821064516129,8.85,0.40462,80.067453,1,1,Doodles
9850,56,3.209782017857143,8.5,0.449844,179.747793,1,1,Doodles
9721,3,8.790000000000001,21.0,1.88,26.37,1,1,Doodles
9697,35,3.2937846285714283,13.45,0.515,115.282462,1,1,Doodles
9731,9,2.603333333333333,3.69,2.0,23.43,1,1,Doodles
9800,21,2.657692857142857,16.0,0.392,55.81155,1,1,Doodles
9823,1,2.0,2.0,2.0,2.0,1,1,Doodles
9773,1,13.99,13.99,13.99,13.99,1,1,Doodles
9780,12,4.182916666666666,13.4,1.03,50.195,1,1,Doodles
9854,57,1.5538753859649124,3.0,1.17,88.570897,1,1,Doodles
9807,6,7.6825,17.555,1.19,46.095,1,1,Doodles
9863,2,6.72,11.5,1.94,13.44,1,1,Doodles
9834,1,2.3,2.3,2.3,2.3,1,1,Doodles
9709,6,6.2642,14.69,1.85,37.5852,1,1,Doodles
9712,3,7.803333333333334,15.0,0.11,23.41,1,1,Doodles
9848,5,8.426,21.35,1.15,42.13,1,1,Doodles
9864,3,7.739999999999999,17.5,2.12,23.22,1,1,Doodles
9882,19,1.929660526315789,2.39,1.1145,36.66355,1,1,Doodles
9799,17,6.119858235294117,13.99,1.0,104.03759,1,1,Doodles
9836,7,6.595428571428571,12.5,1.75,46.168,1,1,Doodles
9883,2,67.5,75.0,60.0,135.0,1,1,Doodles
9898,1,1.3999,1.3999,1.3999,1.3999,1,1,Doodles
9775,2,3.65,4.0,3.3,7.3,1,1,Doodles
9857,21,3.2796394285714285,8.7,0.85,68.872428,1,1,Doodles
9866,2,3.5650000000000004,4.99,2.14,7.130000000000001,1,1,Doodles
9729,16,3.6129685625,7.95,0.889497,57.807497,1,1,Doodles
9914,5,4.7098,17.2,1.3,23.549,1,1,Doodles
9895,6,7.682666666666667,22.98,0.5,46.096,1,1,Doodles
9897,15,4.991333333333333,13.34,0.8,74.87,1,1,Doodles
9815,11,3.5910163636363635,19.5,0.975,39.50118,1,1,Doodles
9859,28,5.305171428571429,10.0,0.889,148.5448,1,1,Doodles
9790,1,1.05,1.05,1.05,1.05,1,1,Doodles
9737,13,2.207616153846154,3.2,0.83,28.69901,1,1,Doodles
9862,1,4.75,4.75,4.75,4.75,1,1,Doodles
9913,5,2.286,2.95,1.2,11.43,1,1,Doodles
9874,5,2.97494,4.88,0.9879,14.8747,1,1,Doodles
9778,13,2.564439769230769,8.62,0.91,33.337717,1,1,Doodles
9865,3,3.0980000000000003,3.784,2.14,9.294,1,1,Doodles
9746,5,3.461998,4.65,1.35,17.30999,1,1,Doodles
9782,2,6.154999999999999,11.35,0.96,12.31,1,1,Doodles
9909,43,1.832873906976744,12.0,0.53,78.81357799999999,1,1,Doodles
9907,1,3.95,3.95,3.95,3.95,1,1,Doodles
9740,5,8.114,20.22,1.32,40.57,1,1,Doodles
9748,4,14.5975,23.99,1.4,58.39,1,1,Doodles
9738,1,1.18,1.18,1.18,1.18,1,1,Doodles
9818,3,1.4066666666666665,1.49,1.33,4.22,1,1,Doodles
9822,3,1.9,2.5,1.2,5.7,1,1,Doodles
9905,15,2.0303699333333336,13.0,0.42,30.455549,1,1,Doodles
9869,10,3.7039,8.77,0.96,37.039,1,1,Doodles
9846,2,1.985,3.0,0.97,3.97,1,1,Doodles
9808,7,8.68442857142857,22.8,1.241,60.791,1,1,Doodles
9829,10,2.7129598,6.67,1.3,27.129598,1,1,Doodles
9708,19,2.251736842105263,5.69,0.81,42.783,1,1,Doodles
9830,9,3.8782111111111113,11.7,0.86,34.9039,1,1,Doodles
9805,6,2.9966666666666666,4.69,1.5,17.98,1,1,Doodles
9901,2,1.37,1.45,1.29,2.74,1,1,Doodles
9845,6,4.860666666666667,14.98,0.8,29.164,1,1,Doodles
9764,3,20.12666666666667,55.0,1.38,60.38,1,1,Doodles
9876,3,4.675966666666667,12.0,0.9879,14.0279,1,1,Doodles
9723,3,4.93,10.0,0.79,14.79,1,1,Doodles
9763,9,2.0751,5.8,0.38,18.6759,1,1,Doodles
9765,8,5.31575,17.0,0.666,42.526,1,1,Doodles
9776,8,5.873625,17.0,1.6,46.989,1,1,Doodles
9766,11,1.656818181818182,2.425,1.2,18.225,1,1,Doodles
9839,6,3.955,5.05,1.5,23.73,1,1,Doodles
9768,15,2.02024,13.0,0.42,30.3036,1,1,Doodles
9826,3,11.033333333333331,14.1,5.0,33.1,1,1,Doodles
9881,0,0.0,0.0,0.0,0.0,0,0,Doodles
9860,8,5.165,14.38,0.88,41.32,1,1,Doodles
9824,4,1.95175,3.9,0.85,7.807,1,1,Doodles
9872,2,4.75,5.0,4.5,9.5,1,1,Doodles
9856,1,6.5,6.5,6.5,6.5,1,1,Doodles
9613,1,1.09,1.09,1.09,1.09,1,1,Doodles
9670,23,1.5043794782608697,4.24,0.54,34.600728000000004,1,1,Doodles
9680,36,3.2633769444444445,4.98,1.3,117.48157,1,1,Doodles
9667,3,0.856,1.1,0.57,2.568,1,1,Doodles
9596,30,3.7586866666666663,6.63,0.76,112.7606,1,1,Doodles
9601,21,3.576709523809524,7.68,0.98,75.1109,1,1,Doodles
9673,2,8.0,15.0,1.0,16.0,1,1,Doodles
9558,6,4.545,19.59,1.33,27.27,1,1,Doodles
9551,13,5.169123076923077,12.5,1.1,67.1986,1,1,Doodles
9538,3,2.2100000000000004,3.25,0.99,6.630000000000001,1,1,Doodles
9508,2,1.195,1.28,1.11,2.39,1,1,Doodles
9628,2,5.9344,9.98,1.8888,11.8688,1,1,Doodles
9603,7,5.761142857142858,13.99,0.828,40.328,1,1,Doodles
9591,1,7.01,7.01,7.01,7.01,1,1,Doodles
9573,1,1.1,1.1,1.1,1.1,1,1,Doodles
9572,8,2.0683125,2.79,1.35,16.546499999999998,1,1,Doodles
9557,2,2.645,3.89,1.4,5.29,1,1,Doodles
9515,1,4.799,4.799,4.799,4.799,1,1,Doodles
9612,16,3.9139,14.0,0.45,62.6224,1,1,Doodles
9470,5,12.1,25.0,1.3,60.5,1,1,Doodles
9504,27,2.5256232962962963,15.0,0.87,68.191829,1,1,Doodles
9521,4,4.4725,6.6,2.0,17.89,1,1,Doodles
9685,14,0.8384577142857143,1.02456,0.57499,11.738408,1,1,Doodles
9589,25,4.97406,17.99,0.97,124.3515,1,1,Doodles
9489,3,11.066666666666668,20.0,3.7,33.2,1,1,Doodles
9550,1,1.69,1.69,1.69,1.69,1,1,Doodles
9477,9,6.031227555555557,18.69,1.14,54.281048000000006,1,1,Doodles
9525,47,4.932430404255319,14.25,0.9,231.824229,1,1,Doodles
9505,6,10.012666666666666,22.88,3.0,60.07599999999999,1,1,Doodles
9647,8,7.3875,21.75,1.0,59.1,1,1,Doodles
9520,5,2.7337998000000003,8.0,0.92,13.668999,1,1,Doodles
9605,8,3.2126875,13.9605,0.789,25.7015,1,1,Doodles
9565,18,3.473311388888889,13.62,0.835,62.519605,1,1,Doodles
9488,12,4.134541666666666,18.8,0.525,49.6145,1,1,Doodles
9580,6,7.571666666666666,10.75,1.0,45.43,1,1,Doodles
9672,3,1.21,1.35,1.1,3.63,1,1,Doodles
9555,5,7.790000000000001,19.4,1.4,38.95,1,1,Doodles
9509,6,1.65215,4.0,0.86,9.9129,1,1,Doodles
9625,6,1.90485,2.288,1.0,11.4291,1,1,Doodles
9529,3,2.8966666666666665,3.5,2.19,8.69,1,1,Doodles
9641,5,3.1438,4.2,1.5,15.719,1,1,Doodles
9639,8,2.3169325,6.5,1.0,18.53546,1,1,Doodles
9642,2,1.4449999999999998,1.75,1.14,2.89,1,1,Doodles
9693,5,1.7158000000000002,2.66,1.1,8.579,1,1,Doodles
9548,2,1.4745,1.8,1.149,2.949,1,1,Doodles
9582,2,6.0083385,12.0,0.016677,12.016677,1,1,Doodles
9481,13,3.838976923076923,12.7,0.469,49.9067,1,1,Doodles
9619,46,3.684776108695652,6.1,0.891754,169.499701,1,1,Doodles
9469,7,2.663737,4.85,0.75,18.646159,1,1,Doodles
9686,19,4.935636842105263,6.45,0.85,93.7771,1,1,Doodles
9576,4,15.263575,24.0,11.2553,61.0543,1,1,Doodles
9575,6,5.489883,8.7,2.329998,32.939298,1,1,Doodles
9574,0,0.0,0.0,0.0,0.0,0,0,Doodles
9675,10,3.70223,5.44,0.93,37.0223,1,1,Doodles
9464,3,7.900000000000001,13.4,1.3,23.700000000000003,1,1,Doodles
9676,4,3.899975,11.9999,1.0,15.5999,1,1,Doodles
9637,4,12.95,20.6,4.3,51.8,1,1,Doodles
9635,4,6.21,14.4,0.6,24.84,1,1,Doodles
9661,29,3.090935172413793,7.9,0.607,89.63712,1,1,Doodles
9559,12,4.601158333333333,15.5,1.35,55.2139,1,1,Doodles
9606,4,2.0475,3.44,0.9,8.19,1,1,Doodles
9683,72,3.103326361111111,8.0,1.163,223.439498,1,1,Doodles
9660,11,3.7013636363636366,9.5,0.815,40.715,1,1,Doodles
9471,2,1.675,2.1,1.25,3.35,1,1,Doodles
9480,2,1.0645,1.089,1.04,2.129,1,1,Doodles
9502,7,1.991442,5.0,1.123,13.940094,1,1,Doodles
9655,3,2.973333333333333,6.2,1.2,8.92,1,1,Doodles
9561,4,5.5625,10.0,2.0,22.25,1,1,Doodles
9511,3,2.6466666666666665,6.17,0.82,7.939999999999999,1,1,Doodles
9594,1,1.1,1.1,1.1,1.1,1,1,Doodles
9461,3,5.243333333333334,13.13,1.3,15.730000000000002,1,1,Doodles
9462,4,1.7825,1.99,1.5,7.13,1,1,Doodles
9678,22,4.181392227272728,14.5,0.84,91.990629,1,1,Doodles
9677,51,4.688571921568627,25.0,1.0,239.117168,1,1,Doodles
9648,16,5.152125,6.0,1.5,82.434,1,1,Doodles
9499,1,1.21,1.21,1.21,1.21,1,1,Doodles
9513,2,1.374,1.5,1.248,2.748,1,1,Doodles
9512,10,4.4118,10.98,0.888,44.118,1,1,Doodles
9692,4,2.124725,3.98,1.2,8.498899999999999,1,1,Doodles
9629,3,3.0678,4.5678,2.29,9.2034,1,1,Doodles
9536,5,8.83638,17.69,0.905,44.1819,1,1,Doodles
9618,3,2.389,3.99,1.487,7.167,1,1,Doodles
9463,2,5.75,6.5,5.0,11.5,1,1,Doodles
9649,5,4.895999999999999,10.0,0.89,24.48,1,1,Doodles
9616,13,1.9544153846153844,4.149,0.92,25.4074,1,1,Doodles
9583,5,8.516,13.2,1.1,42.58,1,1,Doodles
9522,15,2.2213506,3.03,0.9,33.320259,1,1,Doodles
9476,7,8.251428571428571,26.2,0.761,57.76,1,1,Doodles
9643,5,4.335,13.33,0.755,21.675,1,1,Doodles
9545,2,1.84,2.18,1.5,3.68,1,1,Doodles
9690,14,3.4806392857142856,14.99,1.01,48.72895,1,1,Doodles
9482,4,5.56975,11.0,1.089,22.279,1,1,Doodles
9597,11,5.391754545454545,24.5,1.1,59.3093,1,1,Doodles
9472,2,1.245,1.3,1.19,2.49,1,1,Doodles
9560,11,2.0258350000000003,5.195,0.934,22.284185,1,1,Doodles
9682,0,0.0,0.0,0.0,0.0,0,0,Doodles
9577,27,5.098648518518519,7.4,2.1,137.66351,1,1,Doodles
9564,13,2.9192933076923078,4.139908,1.18,37.950813,1,1,Doodles
9604,5,4.1950414,12.25,0.705207,20.975207,1,1,Doodles
9527,3,6.1433333333333335,7.4,4.99,18.43,1,1,Doodles
9537,2,1.95,2.8,1.1,3.9,1,1,Doodles
9539,16,3.023368625,13.2,1.79,48.373898,1,1,Doodles
9684,5,8.0038,21.2,0.999,40.019,1,1,Doodles
9640,12,5.5574916666666665,11.0,0.9,66.6899,1,1,Doodles
9586,8,7.1425125,15.1,3.5,57.1401,1,1,Doodles
9695,17,3.3066864705882355,17.42,0.01,56.21367,1,1,Doodles
9650,3,9.23,14.0,1.49,27.69,1,1,Doodles
9627,7,3.516142857142857,13.469,0.99,24.613,1,1,Doodles
9598,2,1.8,2.6,1.0,3.6,1,1,Doodles
9659,1,42.0,42.0,42.0,42.0,1,1,Doodles
9568,1,3.6969,3.6969,3.6969,3.6969,1,1,Doodles
9669,3,1.9633333333333327,3.0,1.2,5.89,1,1,Doodles
9479,5,7.31,13.48,0.97,36.55,1,1,Doodles
9494,8,6.317425,14.5,1.49,50.5394,1,1,Doodles
9541,3,8.709999999999999,18.4,3.55,26.13,1,1,Doodles
9687,1,0.77,0.77,0.77,0.77,1,1,Doodles
9487,10,5.362784,7.42,1.12,53.62784,1,1,Doodles
9663,9,11.618777777777778,22.0,0.999,104.569,1,1,Doodles
9645,11,3.002354545454545,16.88,0.78,33.0259,1,1,Doodles
9478,4,3.807,9.18,0.969,15.228,1,1,Doodles
9506,6,6.9265,18.45,1.069,41.559,1,1,Doodles
9531,6,2.938966666666667,11.36,0.9769,17.6338,1,1,Doodles
9665,6,5.878333333333333,8.77,3.0,35.27,1,1,Doodles
9484,2,2.74,3.88,1.6,5.48,1,1,Doodles
9668,2,5.9750000000000005,10.9,1.05,11.95,1,1,Doodles
9466,4,3.2422500000000003,5.359,0.75,12.969,1,1,Doodles
9688,5,4.24,6.94,1.15,21.2,1,1,Doodles
9607,20,5.101645,7.1,1.1,102.0329,1,1,Doodles
9546,19,3.198210526315789,14.98,1.148,60.766,1,1,Doodles
9567,9,4.843544444444444,13.2,1.222,43.5919,1,1,Doodles
9638,7,7.034021000000001,17.5,0.471,49.238147000000005,1,1,Doodles
9483,7,4.815128571428572,16.2,0.863,33.7059,1,1,Doodles
9651,2,2.445,3.4,1.49,4.89,1,1,Doodles
9496,2,5.555000000000001,9.89,1.22,11.11,1,1,Doodles
9556,3,6.43,11.79,1.4,19.29,1,1,Doodles
9614,6,6.214166666666666,12.0,1.387,37.285,1,1,Doodles
9571,2,21.789,41.888,1.69,43.578,1,1,Doodles
9617,3,1.0696,1.18,0.8998,3.2088,1,1,Doodles
9554,8,3.366675,8.0,0.001,26.9334,1,1,Doodles
9528,3,5.763000000000001,12.6,0.799,17.289,1,1,Doodles
9610,1,1.18,1.18,1.18,1.18,1,1,Doodles
9657,4,3.4142,8.5,1.19,13.6568,1,1,Doodles
9679,3,6.433333333333334,11.0,1.1,19.3,1,1,Doodles
9486,4,7.92875,17.0,0.88,31.715,1,1,Doodles
9547,4,3.33,10.0,0.84,13.32,1,1,Doodles
9621,25,2.80039784,18.0,0.845,70.009946,1,1,Doodles
9611,1,2.45,2.45,2.45,2.45,1,1,Doodles
9600,13,3.2519153846153848,9.2,1.0,42.2749,1,1,Doodles
9694,2,2.35,2.8,1.9,4.699999999999999,1,1,Doodles
9475,17,4.7619281764705885,14.499,0.85,80.952779,1,1,Doodles
9485,1,1.12,1.12,1.12,1.12,1,1,Doodles
9646,3,1.43,1.5,1.3,4.29,1,1,Doodles
9570,5,1.2589792,2.0,0.627,6.294896,1,1,Doodles
9544,6,2.6983333333333337,4.75,1.3,16.19,1,1,Doodles
9602,0,0.0,0.0,0.0,0.0,0,0,Doodles
9543,4,8.955,17.69,4.19,35.82,1,1,Doodles
9622,11,1.233009,1.4,1.17,13.563099,1,1,Doodles
9633,35,4.927575685714285,7.18,0.7769,172.465149,1,1,Doodles
9566,8,3.385012375,14.9,0.94,27.080099,1,1,Doodles
9620,3,7.559233333333334,17.0,1.0777,22.6777,1,1,Doodles
9652,28,3.8431378214285714,21.7,0.99,107.607859,1,1,Doodles
9592,49,5.314102020408164,25.98,1.379999,260.390999,1,1,Doodles
9590,12,4.320708333333333,14.2,1.998,51.8485,1,1,Doodles
9585,7,3.395714285714285,4.35,1.8,23.77,1,1,Doodles
9662,4,4.06575,12.5,0.823,16.262999999999998,1,1,Doodles
9588,1,2.5,2.5,2.5,2.5,1,1,Doodles
9587,1,0.97,0.97,0.97,0.97,1,1,Doodles
9681,73,5.1489916438356165,16.99,0.624,375.87639,1,1,Doodles
9493,7,6.041285714285714,11.3,1.49,42.289,1,1,Doodles
9664,16,2.47549125,14.85,0.83,39.60786,1,1,Doodles
9654,6,16.800833333333333,50.0,4.525,100.805,1,1,Doodles
9658,5,8.919938,14.5,1.19,44.59969,1,1,Doodles
9689,2,2.855,4.21,1.5,5.71,1,1,Doodles
9497,5,2.01982,3.5,1.333,10.0991,1,1,Doodles
9517,7,6.656871428571429,14.47,2.73,46.5981,1,1,Doodles
9490,4,1.83,3.5,0.95,7.32,1,1,Doodles
9624,3,9.64,17.5,1.2,28.92,1,1,Doodles
9608,7,3.642857142857143,6.02,0.99,25.5,1,1,Doodles
9467,4,4.35,10.0,1.2,17.4,1,1,Doodles
9514,3,2.4996666666666667,3.25,1.249,7.499,1,1,Doodles
9623,4,2.680125,7.0,1.1455,10.7205,1,1,Doodles
9498,5,4.92078,7.5459,1.11,24.6039,1,1,Doodles
9666,4,5.127175,14.4,1.2,20.5087,1,1,Doodles
9563,4,4.7575,12.5,1.18,19.03,1,1,Doodles
9474,27,5.017837037037037,14.0,0.98,135.4816,1,1,Doodles
9535,5,2.0209198,3.5,1.1,10.104599,1,1,Doodles
9691,2,2.45,3.75,1.15,4.9,1,1,Doodles
9578,3,1.4529333333333334,1.59,1.2,4.3588000000000005,1,1,Doodles
9644,5,5.83822,15.7,0.0001,29.1911,1,1,Doodles
9510,2,1.2999999999999998,1.4,1.2,2.6,1,1,Doodles
9516,4,12.01975,16.35,3.739,48.079,1,1,Doodles
9595,28,4.018753571428571,6.0,0.9999,112.5251,1,1,Doodles
9581,8,7.916375,16.69,1.0,63.331,1,1,Doodles
9491,82,3.311867073170732,7.7,1.0,271.5731,1,1,Doodles
9615,5,6.3652,23.5,0.839,31.826,1,1,Doodles
9534,8,2.287791875,3.0,0.97,18.302335,1,1,Doodles
9634,9,2.1264333333333334,8.5,1.05,19.1379,1,1,Doodles
9524,2,1.695,2.2,1.19,3.39,1,1,Doodles
9674,32,1.42253365625,3.0725,0.738,45.521077,1,1,Doodles
9599,2,1.095,1.19,1.0,2.19,1,1,Doodles
9593,2,6.55,12.0,1.1,13.1,1,1,Doodles
9507,8,4.572486875,17.0,0.86,36.579895,1,1,Doodles
9549,2,3.5785,5.98,1.177,7.157,1,1,Doodles
9532,8,1.563874125,1.99,1.09,12.510993,1,1,Doodles
9542,2,5.57,6.75,4.39,11.14,1,1,Doodles
9609,3,1.2799666666666667,1.45,1.1499,3.8399,1,1,Doodles
9473,16,5.808203125,16.5,0.97,92.93125,1,1,Doodles
9632,2,1.60595,2.435,0.7769,3.2119,1,1,Doodles
9653,7,3.4991054285714287,6.749998,1.01,24.493738,1,1,Doodles
9468,2,0.945,0.99,0.9,1.89,1,1,Doodles
9636,1,1.14,1.14,1.14,1.14,1,1,Doodles
9630,11,4.596827272727273,12.99,1.02,50.5651,1,1,Doodles
9626,38,5.408892105263158,11.0,1.27,205.5379,1,1,Doodles
9523,4,1.501075,2.5,1.11,6.0043,1,1,Doodles
9492,2,7.41,13.33,1.49,14.82,1,1,Doodles
9518,3,1.7666666666666666,2.0,1.3,5.3,1,1,Doodles
9553,13,4.434653846153847,13.99,1.177,57.6505,1,1,Doodles
9562,12,5.112875,18.9,0.8,61.3545,1,1,Doodles
9696,2,1.42,1.9,0.94,2.84,1,1,Doodles
9552,4,4.517475,10.78,1.0,18.0699,1,1,Doodles
9579,11,4.308163636363637,13.4,1.9,47.3898,1,1,Doodles
9503,4,6.484999999999999,13.0,1.25,25.94,1,1,Doodles
9530,5,6.9298,17.0,0.799,34.649,1,1,Doodles
9656,12,1.24722075,2.45,0.79,14.966649,1,1,Doodles
9526,11,3.670027272727273,4.35,0.799,40.3703,1,1,Doodles
9540,7,2.700714285714286,4.285,2.21,18.905,1,1,Doodles
9501,3,7.893333333333333,19.0,2.2,23.68,1,1,Doodles
9584,30,1.8831016666666665,4.88,0.49,56.49305,1,1,Doodles
9495,1,8.5,8.5,8.5,8.5,1,1,Doodles
9569,6,6.726466666666667,14.1,0.8888,40.3588,1,1,Doodles
9631,3,2.0733333333333333,3.1,1.2,6.22,1,1,Doodles
9500,2,6.3805000000000005,11.65,1.111,12.761,1,1,Doodles
9671,5,7.07,16.2,1.0,35.35,1,1,Doodles
9519,4,17.5725,55.0,3.5,70.29,1,1,Doodles
9533,8,11.8375,56.0,2.5,94.7,1,1,Doodles
9465,1,1.3,1.3,1.3,1.3,1,1,Doodles
9279,6,12.12315,49.0,1.3489,72.7389,1,1,Doodles
9311,23,4.738469565217391,6.59,2.14,108.9848,1,1,Doodles
9377,1,4.0,4.0,4.0,4.0,1,1,Doodles
9403,10,3.5267979,7.5,2.04,35.267979,1,1,Doodles
9297,4,1.97,3.0,1.4,7.88,1,1,Doodles
9429,5,2.264,4.02,1.62,11.32,1,1,Doodles
9424,5,6.0836,22.0,0.849,30.418,1,1,Doodles
9397,1,1.0,1.0,1.0,1.0,1,1,Doodles
9334,4,15.25475,35.0,3.0,61.019,1,1,Doodles
9439,9,3.893187777777778,16.0,1.02999,35.03869,1,1,Doodles
9325,35,3.161479914285714,5.59,0.742,110.651797,1,1,Doodles
9345,4,4.6850000000000005,15.0,0.97,18.74,1,1,Doodles
9444,43,2.9345338837209303,8.12,0.93,126.184957,1,1,Doodles
9412,8,1.82175,7.5,0.823,14.574,1,1,Doodles
9407,39,4.794909717948718,6.71,0.73,187.001479,1,1,Doodles
9379,5,4.846,9.99,3.2,24.23,1,1,Doodles
9346,10,2.5683074,7.66,0.955174,25.683074,1,1,Doodles
9422,1,4.9,4.9,4.9,4.9,1,1,Doodles
9244,1,0.97,0.97,0.97,0.97,1,1,Doodles
9459,0,0.0,0.0,0.0,0.0,0,0,Doodles
9405,5,2.8748796,8.0,1.4651,14.374398,1,1,Doodles
9402,0,0.0,0.0,0.0,0.0,0,0,Doodles
9446,8,4.8576,5.87,2.988,38.8608,1,1,Doodles
9299,4,1.4025,1.81,1.17,5.61,1,1,Doodles
9260,2,1.425,1.55,1.3,2.85,1,1,Doodles
9291,2,2.425,2.95,1.9,4.85,1,1,Doodles
9456,19,3.370128947368421,3.899,1.11,64.03245,1,1,Doodles
9295,1,15.0,15.0,15.0,15.0,1,1,Doodles
9275,6,4.054166666666666,15.77,0.9,24.325,1,1,Doodles
9415,15,1.304622,1.48489,1.16,19.56933,1,1,Doodles
9358,1,4.8,4.8,4.8,4.8,1,1,Doodles
9382,4,0.99175,1.289,0.83,3.967,1,1,Doodles
9322,4,1.9445,3.69,0.988,7.778,1,1,Doodles
9304,3,1.58,1.8,1.24,4.74,1,1,Doodles
9374,7,4.518128571428571,22.5,0.85,31.6269,1,1,Doodles
9460,22,2.2345818181818182,6.641,0.78,49.1608,1,1,Doodles
9376,17,3.4473347058823527,15.0,0.83,58.60469,1,1,Doodles
9290,7,4.838857142857143,12.0,1.0,33.872,1,1,Doodles
9371,6,8.13,13.4,2.19,48.78,1,1,Doodles
9448,0,0.0,0.0,0.0,0.0,0,0,Doodles
9362,16,2.386375,6.47,0.825,38.182,1,1,Doodles
9383,1,4.44,4.44,4.44,4.44,1,1,Doodles
9413,38,5.546284210526316,14.8,0.91,210.7588,1,1,Doodles
9249,64,1.40670628125,2.75,1.1169,90.029202,1,1,Doodles
9426,6,3.4254665,8.0685,1.15,20.552799,1,1,Doodles
9423,0,0.0,0.0,0.0,0.0,0,0,Doodles
9344,16,2.529637375,5.555,1.16,40.474198,1,1,Doodles
9352,4,2.41475,4.0,1.68,9.659,1,1,Doodles
9294,5,2.26796,4.0,1.62,11.3398,1,1,Doodles
9373,2,11.1495,17.799,4.5,22.299,1,1,Doodles
9454,7,4.418571428571428,7.0,1.79,30.93,1,1,Doodles
9241,7,6.421028571428572,13.9669,0.82,44.9472,1,1,Doodles
9310,25,3.8422232,5.4774,1.53,96.05558,1,1,Doodles
9396,2,7.3,13.5,1.1,14.6,1,1,Doodles
9337,7,7.973628571428571,14.95,0.9,55.8154,1,1,Doodles
9298,6,3.784133166666667,13.0,1.02,22.704799,1,1,Doodles
9307,11,2.097059181818182,4.99,0.99,23.067651,1,1,Doodles
9312,5,9.8996,16.99,3.888,49.498,1,1,Doodles
9333,5,10.644,15.25,5.0,53.22,1,1,Doodles
9265,2,2.5295,3.769,1.29,5.059,1,1,Doodles
9399,1,6.5,6.5,6.5,6.5,1,1,Doodles
9309,2,4.49,7.99,0.99,8.98,1,1,Doodles
9455,3,9.899666666666668,20.0,0.919,29.699,1,1,Doodles
9338,1,1.239,1.239,1.239,1.239,1,1,Doodles
9287,3,6.4,14.0,1.0,19.2,1,1,Doodles
9392,3,22.08333333333333,40.0,2.35,66.25,1,1,Doodles
9246,8,2.3374375,5.2,0.92,18.6995,1,1,Doodles
9253,20,3.5449645000000003,10.3,1.28,70.89929000000001,1,1,Doodles
9248,81,3.190900814814815,9.0,1.142,258.462966,1,1,Doodles
9286,12,4.6526,18.4,1.2,55.8312,1,1,Doodles
9411,3,3.732666666666667,6.5,2.198,11.198,1,1,Doodles
9280,3,1.232,1.5,0.798,3.696,1,1,Doodles
9453,6,9.244316666666668,19.98,1.19,55.465900000000005,1,1,Doodles
9361,9,3.191333888888889,11.98,0.353,28.722005,1,1,Doodles
9305,5,3.0460000000000003,7.27,1.37,15.23,1,1,Doodles
9318,2,1.275,1.5,1.05,2.55,1,1,Doodles
9239,4,1.52,1.83,0.88,6.08,1,1,Doodles
9360,14,4.0125714285714285,6.53,0.95,56.176,1,1,Doodles
9254,4,2.87,6.81,1.07,11.48,1,1,Doodles
9442,6,2.0373266666666665,3.5,1.41896,12.22396,1,1,Doodles
9258,3,1.95,3.0,1.4,5.85,1,1,Doodles
9259,3,8.083333333333334,12.5,1.75,24.25,1,1,Doodles
9368,32,3.22997465625,16.35,1.00999,103.359189,1,1,Doodles
9245,13,4.463853846153847,12.0,0.9269,58.0301,1,1,Doodles
9375,2,1.1949999999999998,1.4,0.99,2.39,1,1,Doodles
9342,1,1.469,1.469,1.469,1.469,1,1,Doodles
9269,3,4.213333333333334,10.6,0.79,12.64,1,1,Doodles
9451,12,2.9967583333333336,15.25,1.27,35.9611,1,1,Doodles
9427,8,4.73597875,14.99,0.57783,37.88783,1,1,Doodles
9327,13,3.9310761538461536,13.99,1.069,51.10399,1,1,Doodles
9386,1,1.0,1.0,1.0,1.0,1,1,Doodles
9401,0,0.0,0.0,0.0,0.0,0,0,Doodles
9364,10,1.718359,4.399,0.39,17.18359,1,1,Doodles
9278,3,1.8989666666666667,2.987,1.1499,5.6969,1,1,Doodles
9274,5,4.235200000000001,7.5,1.3,21.176,1,1,Doodles
9387,6,7.04,20.5,1.0,42.24,1,1,Doodles
9421,6,0.5892700000000001,1.33,0.425,3.53562,1,1,Doodles
9363,47,1.4804551063829787,2.56,0.83,69.58139,1,1,Doodles
9409,2,27.45,39.9,15.0,54.9,1,1,Doodles
9329,1,19.95,19.95,19.95,19.95,1,1,Doodles
9303,13,3.328682230769231,13.7,0.893,43.272869,1,1,Doodles
9428,1,1.5,1.5,1.5,1.5,1,1,Doodles
9301,4,7.327500000000001,13.99,1.37,29.31,1,1,Doodles
9431,4,7.775,15.0,1.4,31.1,1,1,Doodles
9284,4,6.43375,11.69,1.395,25.735,1,1,Doodles
9366,21,5.408442857142857,12.0,1.5,113.5773,1,1,Doodles
9437,33,2.641708212121212,20.0,0.43,87.176371,1,1,Doodles
9263,5,8.3318,13.6,1.18,41.659,1,1,Doodles
9313,5,6.9938,13.1,2.89,34.969,1,1,Doodles
9388,10,6.968999999999999,16.66,1.35,69.69,1,1,Doodles
9359,14,2.197108357142857,9.0,0.97565,30.759517,1,1,Doodles
9365,31,2.574211483870968,7.0,0.8269,79.800556,1,1,Doodles
9271,41,6.022127536585366,10.48,0.8,246.907229,1,1,Doodles
9395,2,2.095,3.15,1.04,4.19,1,1,Doodles
9357,4,6.20975,21.4,0.89,24.839,1,1,Doodles
9433,2,1.844,2.8,0.888,3.688,1,1,Doodles
9341,1,1.75,1.75,1.75,1.75,1,1,Doodles
9316,1,0.84,0.84,0.84,0.84,1,1,Doodles
9398,24,2.974752333333333,10.25,0.82,71.394056,1,1,Doodles
9443,8,3.53725,13.0,0.85,28.298,1,1,Doodles
9355,38,4.399094947368421,6.71,1.23188,167.165608,1,1,Doodles
9234,14,2.7013571428571432,9.2,1.299,37.819,1,1,Doodles
9251,15,3.2399413333333333,12.0,0.42922,48.59912,1,1,Doodles
9238,7,1.551157,2.195,0.9,10.858099,1,1,Doodles
9237,3,13.06,19.94,1.29,39.18,1,1,Doodles
9340,6,5.161158333333333,22.99,1.26,30.96695,1,1,Doodles
9438,7,5.499728571428571,17.0,0.639,38.4981,1,1,Doodles
9272,3,1.913333333333333,3.3,0.85,5.74,1,1,Doodles
9262,15,4.7767,14.79,0.85,71.6505,1,1,Doodles
9266,5,3.00172,10.5,0.62,15.0086,1,1,Doodles
9380,2,4.2,4.4,4.0,8.4,1,1,Doodles
9336,13,2.455192307692308,9.65,0.78,31.9175,1,1,Doodles
9255,3,1.4233333333333331,2.2,0.87,4.27,1,1,Doodles
9273,5,7.938,20.0,1.45,39.69,1,1,Doodles
9449,3,3.9133333333333336,9.0,0.84,11.74,1,1,Doodles
9370,15,3.8161673333333335,11.3,0.945,57.24251,1,1,Doodles
9354,37,1.6732742162162162,3.689,1.163,61.911146,1,1,Doodles
9457,3,5.349999999999999,13.7,1.15,16.049999999999997,1,1,Doodles
9418,6,4.931333333333334,10.89,1.1,29.588,1,1,Doodles
9420,5,1.496,2.8,0.8,7.48,1,1,Doodles
9328,3,5.6433333333333335,14.75,0.99,16.93,1,1,Doodles
9353,39,3.1116111025641024,13.77,0.907,121.352833,1,1,Doodles
9349,8,1.926875,2.9,0.98,15.415,1,1,Doodles
9283,30,3.6305365,24.0,0.921,108.916095,1,1,Doodles
9430,39,3.573197564102564,7.6,0.82,139.354705,1,1,Doodles
9296,1,0.99,0.99,0.99,0.99,1,1,Doodles
9335,6,7.924183333333333,15.39,1.9,47.5451,1,1,Doodles
9300,4,1.565,2.0,1.36,6.26,1,1,Doodles
9243,1,50.0,50.0,50.0,50.0,1,1,Doodles
9240,3,1.1033333333333333,1.14,1.07,3.31,1,1,Doodles
9367,3,1.3666666666666665,1.5,1.15,4.1,1,1,Doodles
9435,4,2.2625,4.2,1.29,9.05,1,1,Doodles
9235,21,4.206559,9.25,0.474,88.337739,1,1,Doodles
9331,1,8.65,8.65,8.65,8.65,1,1,Doodles
9369,7,6.327242857142857,14.4207,0.9,44.2907,1,1,Doodles
9315,27,1.2615557777777775,4.785,0.42,34.062006,1,1,Doodles
9302,3,5.77,15.0,0.93,17.31,1,1,Doodles
9445,22,1.5068341363636364,3.46,0.6566,33.150351,1,1,Doodles
9314,7,7.879571428571428,12.99,0.422,55.157,1,1,Doodles
9450,11,3.3682024545454543,12.0,1.499,37.050227,1,1,Doodles
9281,7,8.350428571428571,22.5,1.67,58.453,1,1,Doodles
9406,5,3.427758,4.52879,0.78,17.13879,1,1,Doodles
9326,9,8.058187777777778,15.98,1.19,72.52369,1,1,Doodles
9356,1,4.44,4.44,4.44,4.44,1,1,Doodles
9381,34,1.5416177352941176,3.51,0.46775,52.415003,1,1,Doodles
9317,8,7.52125,19.0,0.99,60.17,1,1,Doodles
9389,12,7.56578975,29.8,1.35,90.789477,1,1,Doodles
9267,4,1.9075,3.88,1.0,7.63,1,1,Doodles
9332,3,7.982666666666667,19.95,1.998,23.948,1,1,Doodles
9351,21,5.175757142857143,11.88,0.777,108.6909,1,1,Doodles
9416,1,27.0,27.0,27.0,27.0,1,1,Doodles
9414,3,10.39,14.81,1.56,31.17,1,1,Doodles
9293,7,2.3242857142857143,2.58,1.9,16.27,1,1,Doodles
9256,3,10.306666666666668,15.75,1.17,30.92,1,1,Doodles
9384,5,5.6754328,16.0,1.8,28.377164,1,1,Doodles
9282,2,6.985,12.75,1.22,13.97,1,1,Doodles
9410,7,2.1813571428571428,6.9347,1.25,15.2695,1,1,Doodles
9441,4,12.66,17.49,3.2,50.64,1,1,Doodles
9404,0,0.0,0.0,0.0,0.0,0,0,Doodles
9419,2,1.245,1.49,1.0,2.49,1,1,Doodles
9242,29,9.380593137931031,35.0,0.46,272.037201,1,1,Doodles
9432,3,6.5360000000000005,17.5,0.888,19.608,1,1,Doodles
9391,1,9.5,9.5,9.5,9.5,1,1,Doodles
9289,11,2.1112545454545457,4.695,1.1,23.2238,1,1,Doodles
9417,4,5.9725,15.0,0.9,23.89,1,1,Doodles
9277,18,4.709638888888889,22.75,0.988,84.7735,1,1,Doodles
9434,1,1.29,1.29,1.29,1.29,1,1,Doodles
9400,3,1.343333333333333,1.68,0.95,4.029999999999999,1,1,Doodles
9390,4,2.26125,4.95,1.35,9.045,1,1,Doodles
9452,22,4.653038227272727,14.8,0.939,102.366841,1,1,Doodles
9436,2,19.345,30.0,8.69,38.69,1,1,Doodles
9385,39,6.347369230769231,22.799,0.82,247.5474,1,1,Doodles
9393,30,4.030015033333333,12.0,0.7,120.900451,1,1,Doodles
9321,5,10.2918,14.99,1.55,51.459,1,1,Doodles
9343,34,2.1069529411764703,9.8,0.8,71.6364,1,1,Doodles
9250,18,3.311138888888889,16.0,0.12,59.6005,1,1,Doodles
9285,4,12.772325,23.13,0.939,51.0893,1,1,Doodles
9378,1,0.83,0.83,0.83,0.83,1,1,Doodles
9320,22,2.4240681363636365,7.3,0.617,53.329499,1,1,Doodles
9330,2,12.2,14.44,9.96,24.4,1,1,Doodles
9447,1,0.84,0.84,0.84,0.84,1,1,Doodles
9270,12,1.802,3.4,1.05,21.624,1,1,Doodles
9350,5,5.761799999999999,11.69,0.9,28.809,1,1,Doodles
9372,16,3.558336875,14.45,1.23939,56.93339,1,1,Doodles
9319,12,1.8851566666666668,2.49998,0.8,22.62188,1,1,Doodles
9440,1,2.95,2.95,2.95,2.95,1,1,Doodles
9339,11,2.8654545454545453,3.82,1.69,31.52,1,1,Doodles
9308,4,4.99425,9.48,1.198,19.977,1,1,Doodles
9252,4,16.725,24.0,1.4,66.9,1,1,Doodles
9264,7,4.351428571428571,9.5,1.21,30.46,1,1,Doodles
9324,3,3.65,6.69,1.45,10.95,1,1,Doodles
9292,2,13.5,15.0,12.0,27.0,1,1,Doodles
9236,55,4.7881861818181815,15.23,0.85,263.35024,1,1,Doodles
9261,31,3.2365129032258064,13.5,0.85,100.3319,1,1,Doodles
9347,3,1.8866666666666667,2.7,1.21,5.66,1,1,Doodles
9408,43,4.381655813953489,6.71,0.05,188.4112,1,1,Doodles
9268,30,6.4898666333333335,13.59,1.05,194.695999,1,1,Doodles
9257,4,6.025,11.86,1.0,24.1,1,1,Doodles
9288,9,2.3614333333333333,3.5,0.8,21.2529,1,1,Doodles
9323,5,5.724400000000001,14.8,0.416,28.622000000000003,1,1,Doodles
9247,8,3.92275,10.99,1.1,31.382,1,1,Doodles
9394,15,2.005052,8.0,0.402,30.07578,1,1,Doodles
9425,4,8.35475,13.999,1.05,33.419,1,1,Doodles
9458,8,5.568125,14.54,0.89,44.545,1,1,Doodles
9276,13,2.975899923076923,7.36,1.3888,38.686699,1,1,Doodles
9306,2,3.995,7.0,0.99,7.99,1,1,Doodles
9348,2,12.875,18.75,7.0,25.75,1,1,Doodles
9039,58,4.758059620689656,19.98,0.88,275.967458,1,1,Doodles
9216,3,11.95,19.5,1.85,35.85,1,1,Doodles
9003,3,14.01,39.0,0.25,42.03,1,1,Doodles
9159,12,2.89989975,4.34,0.95,34.798797,1,1,Doodles
9226,2,27.55,29.0,26.1,55.1,1,1,Doodles
9012,5,2.926,7.69,0.98,14.63,1,1,Doodles
9042,16,3.013053125,4.57,1.595,48.20885,1,1,Doodles
9215,6,4.317833333333334,7.679,1.33,25.907,1,1,Doodles
9134,1,0.99,0.99,0.99,0.99,1,1,Doodles
9199,4,2.6425,3.8,1.36,10.57,1,1,Doodles
9181,11,3.6625454545454543,6.598,1.5,40.288,1,1,Doodles
9068,3,1.80023,2.42069,1.35,5.40069,1,1,Doodles
9141,13,1.6220691538461538,4.0,0.74,21.086899,1,1,Doodles
9119,3,7.7,13.0,4.1,23.1,1,1,Doodles
9213,1,1.5,1.5,1.5,1.5,1,1,Doodles
9096,2,5.59,9.98,1.2,11.18,1,1,Doodles
9085,19,2.599105263157895,4.915,0.95,49.383,1,1,Doodles
9172,39,3.417343564102564,6.59,0.51695,133.276399,1,1,Doodles
9212,64,5.45050634375,21.0,0.47,348.832406,1,1,Doodles
9200,3,4.176033333333334,4.258,4.0201,12.5281,1,1,Doodles
9221,2,1.5,1.8,1.2,3.0,1,1,Doodles
9103,19,3.580694736842105,10.75,0.85,68.0332,1,1,Doodles
9105,0,0.0,0.0,0.0,0.0,0,0,Doodles
9190,3,1.153,1.3,0.999,3.459,1,1,Doodles
9170,6,4.744166666666667,10.9,1.35,28.465,1,1,Doodles
9086,15,2.05222,7.9,0.506,30.7833,1,1,Doodles
9123,6,4.718698333333333,6.3,1.2222,28.31219,1,1,Doodles
9077,2,9.475,17.0,1.95,18.95,1,1,Doodles
9225,9,2.0653888888888887,6.5126,0.998,18.5885,1,1,Doodles
9195,2,1.6055,2.222,0.989,3.211,1,1,Doodles
9099,2,1.7950000000000002,2.49,1.1,3.5900000000000003,1,1,Doodles
9201,3,3.3366666666666664,7.1,1.31,10.01,1,1,Doodles
9111,1,1.15,1.15,1.15,1.15,1,1,Doodles
9163,1,1.245,1.245,1.245,1.245,1,1,Doodles
9060,10,3.917,5.5,2.1,39.17,1,1,Doodles
9138,12,1.4415223333333331,2.99999,0.77,17.298268,1,1,Doodles
9229,2,3.1950000000000003,4.9,1.49,6.390000000000001,1,1,Doodles
9051,8,3.685,7.7,0.95,29.48,1,1,Doodles
9063,24,3.310614,10.7598,1.01,79.454736,1,1,Doodles
9107,15,5.9193333333333324,6.59,5.33,88.78999999999999,1,1,Doodles
9220,2,9.75,16.5,3.0,19.5,1,1,Doodles
9075,1,3.79,3.79,3.79,3.79,1,1,Doodles
9179,4,1.12875,1.4,0.74,4.515,1,1,Doodles
9094,3,1.1093333333333333,1.25,0.878,3.328,1,1,Doodles
9160,20,3.11197295,7.7,1.4976,62.239459,1,1,Doodles
9098,2,1.32495,1.4499,1.2,2.6499,1,1,Doodles
9078,10,8.28599,16.0,0.89,82.8599,1,1,Doodles
9150,1,1.05,1.05,1.05,1.05,1,1,Doodles
9130,1,0.8,0.8,0.8,0.8,1,1,Doodles
9036,39,4.698533076923077,10.61,0.95,183.24279,1,1,Doodles
9035,24,3.2274907083333333,7.84,0.6638,77.459777,1,1,Doodles
9007,8,4.9077875,14.98,0.7888,39.2623,1,1,Doodles
9029,1,1.0,1.0,1.0,1.0,1,1,Doodles
9142,2,1.75,2.45,1.05,3.5,1,1,Doodles
9022,5,6.639,15.9,1.3,33.195,1,1,Doodles
9034,4,5.8875,7.9,2.3,23.55,1,1,Doodles
9061,1,4.25,4.25,4.25,4.25,1,1,Doodles
9133,15,2.7171933333333333,4.46,1.15,40.7579,1,1,Doodles
9059,2,3.9,4.2,3.6,7.800000000000001,1,1,Doodles
9149,5,5.772,16.39,1.22,28.86,1,1,Doodles
9227,24,3.8995625,8.5,1.1,93.5895,1,1,Doodles
9147,2,2.7,3.0,2.4,5.4,1,1,Doodles
9203,1,7.0,7.0,7.0,7.0,1,1,Doodles
9217,4,2.67975,7.3,0.96,10.719,1,1,Doodles
9126,2,6.92,12.99,0.85,13.84,1,1,Doodles
9112,10,3.80831,13.4,0.372,38.0831,1,1,Doodles
9097,10,4.9542117,19.0,1.28,49.542117,1,1,Doodles
9066,1,1.4,1.4,1.4,1.4,1,1,Doodles
9214,1,1.5,1.5,1.5,1.5,1,1,Doodles
9032,3,10.033333333333331,14.0,4.1,30.1,1,1,Doodles
9196,8,2.529125,7.0,1.099,20.233,1,1,Doodles
9076,28,1.800344857142857,10.4,0.394,50.409656,1,1,Doodles
9136,5,2.65398,5.0,1.0999,13.2699,1,1,Doodles
9224,29,4.284772413793103,6.2995,0.27,124.2584,1,1,Doodles
9028,3,3.202,6.956,0.8,9.606,1,1,Doodles
9125,2,1.745,2.5,0.99,3.49,1,1,Doodles
9054,4,4.103,6.82,0.9,16.412,1,1,Doodles
9162,11,2.011198,3.289978,0.847,22.123178,1,1,Doodles
9050,8,1.54932075,4.2,0.462266,12.394566,1,1,Doodles
9116,25,4.8887764,6.59,2.0,122.21941,1,1,Doodles
9202,1,1.15,1.15,1.15,1.15,1,1,Doodles
9025,4,6.4875,13.0,0.8,25.95,1,1,Doodles
9043,3,9.63,14.3,3.15,28.89,1,1,Doodles
9192,4,5.672499999999999,12.0,1.69,22.69,1,1,Doodles
9120,17,4.529411647058824,12.22,1.5,76.999998,1,1,Doodles
9131,13,2.149446153846154,7.98,0.64,27.9428,1,1,Doodles
9057,3,1.1131666666666666,1.25,0.9895,3.3395,1,1,Doodles
9021,24,4.410204083333333,25.0,1.2,105.844898,1,1,Doodles
9222,34,4.098688205882353,12.649,1.1,139.355399,1,1,Doodles
9016,3,12.933333333333332,19.3,6.0,38.8,1,1,Doodles
9187,6,3.828333333333333,13.0,1.25,22.97,1,1,Doodles
9173,2,12.0,20.0,4.0,24.0,1,1,Doodles
9193,2,7.525,13.5,1.55,15.05,1,1,Doodles
9083,5,1.9882,3.85,0.741,9.941,1,1,Doodles
9165,3,7.8,15.0,1.4,23.4,1,1,Doodles
9005,1,0.989,0.989,0.989,0.989,1,1,Doodles
9030,34,5.314973529411765,15.79,0.89,180.7091,1,1,Doodles
9102,3,1.78,2.49,1.4,5.34,1,1,Doodles
9209,6,7.097816666666667,19.5,1.1,42.5869,1,1,Doodles
9211,6,11.074333333333334,42.0,1.5,66.446,1,1,Doodles
9073,2,7.225,13.35,1.1,14.45,1,1,Doodles
9011,1,1.25,1.25,1.25,1.25,1,1,Doodles
9232,4,17.0,21.0,12.0,68.0,1,1,Doodles
9206,2,1.125,1.15,1.1,2.25,1,1,Doodles
9109,3,2.4433333333333334,4.82,1.25,7.33,1,1,Doodles
9114,19,3.199263157894737,6.63,1.05,60.786,1,1,Doodles
9071,3,11.133333333333333,17.0,1.4,33.4,1,1,Doodles
9122,8,8.295575,19.68,1.2469,66.3646,1,1,Doodles
9168,3,9.796666666666669,25.0,1.39,29.39,1,1,Doodles
9118,5,5.9624,15.0,1.398,29.812,1,1,Doodles
9158,15,3.4483333333333333,12.9,0.88,51.725,1,1,Doodles
9194,7,4.448071428571429,12.75,1.069,31.1365,1,1,Doodles
9117,2,1.65,1.8,1.5,3.3,1,1,Doodles
9006,4,1.29925,1.337,1.27,5.197,1,1,Doodles
9079,16,2.00533125,4.99,1.049,32.0853,1,1,Doodles
9055,9,4.976666666666667,12.0,1.2,44.79,1,1,Doodles
9024,16,6.058,15.48,1.1,96.928,1,1,Doodles
9088,11,4.321726090909091,25.1,0.703,47.538987,1,1,Doodles
9067,4,6.765000000000001,18.98,1.2,27.06,1,1,Doodles
9223,34,5.237083823529411,23.0,1.7836,178.06085,1,1,Doodles
9040,56,5.237716071428571,12.899,2.19,293.3121,1,1,Doodles
9104,2,9.245,10.99,7.5,18.49,1,1,Doodles
9038,2,1.165,1.39,0.94,2.33,1,1,Doodles
9157,24,4.387181458333333,6.38,1.18,105.292355,1,1,Doodles
9154,41,1.9065656341463413,6.749,0.433,78.169191,1,1,Doodles
9062,8,6.6153125,24.5,2.46,52.9225,1,1,Doodles
9230,2,1.08,1.17,0.99,2.16,1,1,Doodles
9041,2,5.455,6.66,4.25,10.91,1,1,Doodles
9128,2,1.267,1.635,0.899,2.534,1,1,Doodles
9115,2,1.135,1.17,1.1,2.27,1,1,Doodles
9015,8,4.395,13.0,1.2,35.16,1,1,Doodles
9090,22,2.6698449545454546,15.0,0.4084,58.736589,1,1,Doodles
9046,3,1.4563333333333333,1.834,0.985,4.369,1,1,Doodles
9148,2,5.05,9.0,1.1,10.1,1,1,Doodles
9106,2,1.72,1.97,1.47,3.44,1,1,Doodles
9023,6,3.4216650000000004,9.99999,0.83,20.52999,1,1,Doodles
9048,3,1.6489666666666667,2.6,0.95,4.9469,1,1,Doodles
9100,3,6.066666666666666,15.0,1.4,18.2,1,1,Doodles
9108,3,13.256666666666668,14.98,10.99,39.77,1,1,Doodles
9129,2,1.11,1.12,1.1,2.22,1,1,Doodles
9008,2,29.75,55.0,4.5,59.5,1,1,Doodles
9176,2,4.05,4.8,3.3,8.1,1,1,Doodles
9132,9,5.448333333333334,18.39,0.95,49.035,1,1,Doodles
9031,9,2.6849944444444445,14.0,0.531,24.16495,1,1,Doodles
9151,5,5.668,14.75,1.1,28.34,1,1,Doodles
9233,3,8.086666666666666,12.4,0.86,24.26,1,1,Doodles
9014,3,4.62314,9.8,1.2,13.869420000000002,1,1,Doodles
9153,2,2.25,3.0,1.5,4.5,1,1,Doodles
9017,8,5.85491125,15.85,1.3,46.83929,1,1,Doodles
9081,13,3.766451307692308,14.0,0.98,48.963867,1,1,Doodles
9198,10,2.36299,5.15,0.81,23.6299,1,1,Doodles
9155,5,4.3260000000000005,9.0,1.15,21.630000000000003,1,1,Doodles
9185,12,3.851708333333333,10.0,0.6215,46.2205,1,1,Doodles
9087,6,3.1649833333333333,7.0,1.5,18.9899,1,1,Doodles
9167,30,2.5052833000000003,7.69,0.874,75.158499,1,1,Doodles
9186,2,3.45,3.9,3.0,6.9,1,1,Doodles
9047,2,1.445,2.0,0.89,2.89,1,1,Doodles
9044,6,8.31,11.99,3.59,49.86,1,1,Doodles
9208,4,1.18,1.4,0.97,4.72,1,1,Doodles
9093,3,1.096666666666667,1.2,0.99,3.29,1,1,Doodles
9072,10,7.245,22.8,1.1,72.45,1,1,Doodles
9113,4,4.237500000000001,8.9,1.3,16.950000000000003,1,1,Doodles
9161,35,5.1553,16.07,1.5,180.4355,1,1,Doodles
9174,4,16.50984825,25.0,6.75,66.039393,1,1,Doodles
9020,25,2.8818522,6.63,1.18,72.046305,1,1,Doodles
9152,4,4.081250000000001,10.8,1.1,16.325000000000003,1,1,Doodles
9228,3,2.9933333333333336,3.78,2.0,8.98,1,1,Doodles
9049,2,1.45,1.95,0.95,2.9,1,1,Doodles
9137,2,2.1195000000000004,2.24,1.999,4.239000000000001,1,1,Doodles
9082,13,2.196073076923077,8.5,0.752,28.54895,1,1,Doodles
9089,3,10.462666666666664,15.6,1.3,31.388,1,1,Doodles
9074,25,2.48525596,6.21,0.58,62.131399,1,1,Doodles
9145,2,6.995,10.99,3.0,13.99,1,1,Doodles
9033,8,1.416599875,1.7789,1.14,11.332799,1,1,Doodles
9164,2,1.0074999999999998,1.19,0.825,2.015,1,1,Doodles
9121,2,1.54845,2.1,0.9969,3.0969,1,1,Doodles
9127,6,3.229833333333333,6.55,0.969,19.379,1,1,Doodles
9084,5,5.32,11.0,0.95,26.6,1,1,Doodles
9177,6,10.5,22.0,3.2,63.0,1,1,Doodles
9143,68,5.583747058823529,7.99,0.75,379.6948,1,1,Doodles
9205,1,0.97,0.97,0.97,0.97,1,1,Doodles
9018,1,1.6,1.6,1.6,1.6,1,1,Doodles
9204,2,1.3,1.5,1.1,2.6,1,1,Doodles
9188,13,5.852323,23.3,1.35,76.08019900000001,1,1,Doodles
9197,5,1.636,3.0,1.0,8.18,1,1,Doodles
9019,6,6.356333333333333,12.95,0.798,38.138,1,1,Doodles
9092,14,1.9199642857142856,4.55,1.48,26.8795,1,1,Doodles
9169,3,5.334666666666666,13.95,0.755,16.003999999999998,1,1,Doodles
9056,5,13.6561646,26.5555,3.0,68.280823,1,1,Doodles
9026,2,1.95,2.8,1.1,3.9,1,1,Doodles
9045,5,5.964,13.8,1.04,29.82,1,1,Doodles
9070,5,4.0396,11.0,1.2,20.198,1,1,Doodles
9091,36,3.509423472222222,4.53,1.3246,126.339245,1,1,Doodles
9037,4,3.51225,6.15,0.899,14.049,1,1,Doodles
9210,9,2.3075625555555552,6.6,0.94,20.768063,1,1,Doodles
9189,2,5.25,6.0,4.5,10.5,1,1,Doodles
9166,3,1.3483333333333334,1.5,1.245,4.045,1,1,Doodles
9191,16,1.87522675,3.26,0.9,30.003628,1,1,Doodles
9058,2,10.825,13.9,7.75,21.65,1,1,Doodles
9009,2,1.125,1.15,1.1,2.25,1,1,Doodles
9004,8,7.24125,14.19,1.19,57.93,1,1,Doodles
9146,11,4.436272727272727,10.0,1.71,48.799,1,1,Doodles
9219,3,3.043333333333333,5.4,1.23,9.13,1,1,Doodles
9144,16,5.9191561875,23.9,0.98,94.706499,1,1,Doodles
9053,6,9.345,22.0,0.9,56.07,1,1,Doodles
9095,2,2.8000000000000003,4.4,1.2,5.6000000000000005,1,1,Doodles
9184,4,4.987,14.2,0.869,19.948,1,1,Doodles
9178,2,8.295,13.59,3.0,16.59,1,1,Doodles
9013,18,3.303628833333333,14.4,0.891,59.465319,1,1,Doodles
9183,22,4.248648954545454,14.777,0.92,93.470277,1,1,Doodles
9101,36,3.5211194166666666,5.63,1.4,126.760299,1,1,Doodles
9180,1,6.0,6.0,6.0,6.0,1,1,Doodles
9124,9,4.543066555555556,8.0,0.85,40.887599,1,1,Doodles
9171,2,1.14,1.39,0.89,2.28,1,1,Doodles
9182,22,4.748995454545455,11.5,0.96,104.4779,1,1,Doodles
9052,6,2.383,3.95,0.909,14.298,1,1,Doodles
9064,6,2.4299833333333334,3.979,1.1,14.5799,1,1,Doodles
9069,3,3.8,7.0,1.4,11.4,1,1,Doodles
9139,4,1.44625,2.3,0.69,5.785,1,1,Doodles
9080,6,7.309633333333333,17.9,2.99,43.8578,1,1,Doodles
9010,3,3.2296666666666667,6.2,1.389,9.689,1,1,Doodles
9207,39,3.2001832564102566,7.185,1.1,124.807147,1,1,Doodles
9140,21,3.423875714285715,15.48,0.424,71.90139,1,1,Doodles
9135,13,5.4748230769230775,9.0,1.19,71.1727,1,1,Doodles
9027,5,3.5576,6.99,1.1,17.788,1,1,Doodles
9110,21,5.144419047619048,7.206,1.1,108.0328,1,1,Doodles
9065,6,11.441666666666668,21.25,1.0,68.65,1,1,Doodles
9175,16,6.02838125,13.6,2.9,96.4541,1,1,Doodles
9218,6,8.553333333333333,17.25,1.32,51.32,1,1,Doodles
9231,2,1.745,1.99,1.5,3.49,1,1,Doodles
9156,2,8.255,15.5,1.01,16.51,1,1,Doodles
8962,11,1.4773816363636365,1.7,0.8,16.251198,1,1,Doodles
8782,42,3.2371616666666667,3.899,1.01,135.96079,1,1,Doodles
8836,33,3.414157212121212,15.75,0.6,112.667188,1,1,Doodles
8946,7,4.3589712857142855,9.99,1.325,30.512799,1,1,Doodles
8900,19,2.1121304736842106,4.739,0.85,40.130479,1,1,Doodles
8980,11,5.923081818181819,15.0,0.85,65.15390000000001,1,1,Doodles
8894,61,5.212555721311476,12.5,1.349,317.965899,1,1,Doodles
8941,4,2.1185,6.5,0.081,8.474,1,1,Doodles
8858,4,4.165,9.9,0.97,16.66,1,1,Doodles
8963,1,0.8,0.8,0.8,0.8,1,1,Doodles
8960,10,6.0,21.0,2.8,60.0,1,1,Doodles
8869,0,0.0,0.0,0.0,0.0,0,0,Doodles
8949,0,0.0,0.0,0.0,0.0,0,0,Doodles
8957,4,3.1975,7.95,1.19,12.79,1,1,Doodles
8813,22,4.012736318181818,7.17,1.19,88.280199,1,1,Doodles
8954,4,1.12475,1.33,0.98,4.4990000000000006,1,1,Doodles
8938,4,5.6375,15.5,1.4,22.55,1,1,Doodles
8848,1,0.87,0.87,0.87,0.87,1,1,Doodles
8874,1,1.56,1.56,1.56,1.56,1,1,Doodles
8829,7,4.409685714285714,12.6,1.34,30.8678,1,1,Doodles
8789,3,3.119666666666667,4.5,1.169,9.359,1,1,Doodles
8908,4,3.5595,9.0,1.05,14.238,1,1,Doodles
8873,19,2.360471631578948,3.461,0.634999,44.848961,1,1,Doodles
8828,2,35.545,59.59,11.5,71.09,1,1,Doodles
8795,2,11.595,19.69,3.5,23.19,1,1,Doodles
8985,10,5.1929999,14.3,1.4,51.929999,1,1,Doodles
8867,5,4.7778,13.769,0.97,23.889,1,1,Doodles
8897,7,7.758571428571429,18.0,1.49,54.31,1,1,Doodles
8871,22,3.630290909090909,9.5,2.22,79.8664,1,1,Doodles
8772,11,1.3322926363636365,3.0,0.81,14.655219,1,1,Doodles
8841,9,2.9655555555555555,9.6,0.9,26.69,1,1,Doodles
8973,4,5.5125,14.0,1.4,22.05,1,1,Doodles
8907,4,1.54375,2.35,1.2,6.175,1,1,Doodles
8801,1,4.5,4.5,4.5,4.5,1,1,Doodles
8854,3,2.063333333333333,2.39,1.8,6.19,1,1,Doodles
8835,3,5.293333333333333,9.0,0.88,15.88,1,1,Doodles
8883,34,2.3912235294117643,15.222,0.98,81.3016,1,1,Doodles
8915,39,4.479163333333333,7.85,0.6,174.68737,1,1,Doodles
8863,6,7.681349999999999,15.888,1.3,46.0881,1,1,Doodles
8920,4,7.105,13.88,0.75,28.42,1,1,Doodles
8802,12,4.835,9.7,0.98,58.02,1,1,Doodles
8948,6,6.406666666666666,13.59,1.4,38.44,1,1,Doodles
8914,19,2.555384,16.0,0.741,48.552296,1,1,Doodles
8791,3,5.098966666666667,6.9,1.6969,15.2969,1,1,Doodles
8805,9,5.276666666666667,10.4,2.95,47.49,1,1,Doodles
8807,11,1.8409090909090908,5.0,1.08,20.25,1,1,Doodles
8991,69,3.905360855072464,15.8,1.15,269.469899,1,1,Doodles
8925,4,5.9125,13.1,1.3,23.65,1,1,Doodles
8936,9,2.595777777777778,7.97,0.74,23.362,1,1,Doodles
8921,2,9.175,17.5,0.85,18.35,1,1,Doodles
8800,26,6.248465384615385,25.0,1.65,162.4601,1,1,Doodles
8814,3,3.7000000000000006,5.5,1.4,11.1,1,1,Doodles
8882,2,1.4500000000000002,1.85,1.05,2.9000000000000004,1,1,Doodles
8922,43,6.166969767441861,15.0,0.768,265.1797,1,1,Doodles
8864,19,2.904134210526316,9.99,0.85,55.17855,1,1,Doodles
8817,1,1.19,1.19,1.19,1.19,1,1,Doodles
8885,2,2.845,4.69,1.0,5.69,1,1,Doodles
8940,0,0.0,0.0,0.0,0.0,0,0,Doodles
8827,4,12.2725,23.5,7.49,49.09,1,1,Doodles
8899,2,2.265,3.33,1.2,4.53,1,1,Doodles
8956,11,3.9196635454545454,7.99,0.95,43.116299,1,1,Doodles
8767,3,11.583333333333334,25.0,2.0,34.75,1,1,Doodles
8853,9,2.173888777777778,9.69,0.7869,19.564999,1,1,Doodles
8893,3,5.496666666666667,10.0,1.49,16.490000000000002,1,1,Doodles
8806,0,0.0,0.0,0.0,0.0,0,0,Doodles
8927,3,10.693333333333332,16.68,1.1,32.08,1,1,Doodles
8994,2,1.2,1.25,1.15,2.4,1,1,Doodles
8832,15,3.3680000000000003,14.0,1.0,50.52,1,1,Doodles
8958,4,3.86,11.0,1.29,15.44,1,1,Doodles
8775,4,8.8975,22.5,1.2,35.59,1,1,Doodles
8859,5,6.2164,8.05,4.5,31.082,1,1,Doodles
8930,14,4.569856357142857,16.0,0.94,63.977989,1,1,Doodles
8972,4,24.31,50.0,2.49,97.24,1,1,Doodles
8971,38,1.8928313157894736,15.3,0.71,71.92759,1,1,Doodles
8776,2,7.75,13.0,2.5,15.5,1,1,Doodles
8824,9,11.221444444444444,22.22,1.17,100.993,1,1,Doodles
8765,8,4.09129875,6.875,0.91,32.73039,1,1,Doodles
8952,0,0.0,0.0,0.0,0.0,0,0,Doodles
8808,1,1.05,1.05,1.05,1.05,1,1,Doodles
8809,3,0.8756333333333334,0.95,0.8269,2.6269,1,1,Doodles
8943,3,1.913333333333333,3.2,1.09,5.74,1,1,Doodles
8989,2,8.445,15.49,1.4,16.89,1,1,Doodles
8924,4,2.204975,3.6499,0.92,8.8199,1,1,Doodles
8855,33,2.045069757575757,14.0,0.41,67.487302,1,1,Doodles
8889,4,5.035,15.0,1.4,20.14,1,1,Doodles
8768,2,1.719,2.15,1.288,3.438,1,1,Doodles
8837,3,2.417666666666667,3.33,0.8,7.253,1,1,Doodles
8950,0,0.0,0.0,0.0,0.0,0,0,Doodles
8816,3,0.5616633333333333,0.95,0.366,1.68499,1,1,Doodles
8771,2,4.5,6.0,3.0,9.0,1,1,Doodles
8878,2,16.71345,30.0,3.4269,33.4269,1,1,Doodles
8890,16,3.8705625,13.96,0.9,61.929,1,1,Doodles
8825,33,3.524631848484849,4.9,0.63,116.312851,1,1,Doodles
8777,6,6.303333333333334,14.0,1.13,37.82,1,1,Doodles
8812,37,1.6239575675675677,7.6,0.558,60.08643,1,1,Doodles
8799,10,2.7493899,16.2,0.404,27.493899,1,1,Doodles
8852,5,4.2780998,14.7,0.98,21.390499,1,1,Doodles
8856,1,1.869,1.869,1.869,1.869,1,1,Doodles
8810,45,2.0282053555555555,10.75,0.398,91.269241,1,1,Doodles
8970,13,3.1171538461538457,7.6,1.35,40.523,1,1,Doodles
8911,1,1.777,1.777,1.777,1.777,1,1,Doodles
8866,6,4.97,13.8,0.75,29.82,1,1,Doodles
8904,1,1.0,1.0,1.0,1.0,1,1,Doodles
8906,13,4.303876923076923,17.23,1.388,55.9504,1,1,Doodles
8781,9,5.493322222222222,16.2,0.85,49.4399,1,1,Doodles
8780,3,1.4166666666666667,2.1,1.0,4.25,1,1,Doodles
8797,10,3.9707992,18.5,0.428,39.707992,1,1,Doodles
8898,13,6.566769230769231,17.3,0.663,85.36800000000001,1,1,Doodles
8961,23,4.632304347826088,21.0,0.75,106.543,1,1,Doodles
8865,4,1.4945,1.7,1.233,5.978,1,1,Doodles
8840,4,2.2225,3.1,1.5,8.89,1,1,Doodles
8886,59,4.077978457627118,6.59,0.897,240.600729,1,1,Doodles
8821,7,3.0312571428571427,10.69,0.8,21.2188,1,1,Doodles
8901,4,1.5375,1.75,1.4,6.15,1,1,Doodles
8770,11,5.438818181818181,16.45,0.8,59.827,1,1,Doodles
8798,6,1.9233333333333336,2.95,1.25,11.54,1,1,Doodles
8784,48,2.8221743541666666,5.12,1.13,135.464369,1,1,Doodles
8870,1,3.99,3.99,3.99,3.99,1,1,Doodles
8998,2,2.07945,2.969,1.1899,4.1589,1,1,Doodles
8997,3,9.029966666666668,14.5,1.0999,27.0899,1,1,Doodles
8947,3,9.516666666666667,25.0,1.35,28.55,1,1,Doodles
8804,1,2.1,2.1,2.1,2.1,1,1,Doodles
8783,12,3.629633333333333,6.37,1.11,43.5556,1,1,Doodles
8823,38,3.489996552631579,15.5,1.05,132.619869,1,1,Doodles
8779,6,6.610333333333333,18.0,1.132,39.662,1,1,Doodles
8917,4,3.935,4.8,1.85,15.739999999999998,1,1,Doodles
8984,10,5.36592,6.52,1.43,53.6592,1,1,Doodles
8982,6,4.334866666666667,6.3,0.94,26.0092,1,1,Doodles
8818,2,1.294,1.398,1.19,2.588,1,1,Doodles
9002,1,1.449,1.449,1.449,1.449,1,1,Doodles
8769,4,1.4125,1.6,1.15,5.65,1,1,Doodles
8793,1,1.4269,1.4269,1.4269,1.4269,1,1,Doodles
8945,6,3.0246,5.0486,1.3,18.1476,1,1,Doodles
8875,2,2.62,4.0,1.24,5.24,1,1,Doodles
8934,5,3.278,9.69,0.75,16.39,1,1,Doodles
8891,2,1.775,2.65,0.9,3.55,1,1,Doodles
8792,4,12.0525,18.0,2.22,48.21,1,1,Doodles
8912,1,1.32,1.32,1.32,1.32,1,1,Doodles
8986,6,7.493333333333333,15.5,1.4,44.96,1,1,Doodles
8796,3,1.1686333333333334,1.4269,1.01,3.5059,1,1,Doodles
8918,5,7.455800000000001,19.0,1.499,37.279,1,1,Doodles
8968,2,1.5,2.0,1.0,3.0,1,1,Doodles
8845,52,4.9762538269230765,16.0,0.87,258.765199,1,1,Doodles
8843,5,9.4318,17.88,0.9,47.159,1,1,Doodles
8822,1,1.11,1.11,1.11,1.11,1,1,Doodles
8819,4,4.5825,13.29,1.09,18.33,1,1,Doodles
8876,17,5.5611347058823535,23.5,0.999,94.53929,1,1,Doodles
8879,14,3.827175,16.75,0.99,53.58045,1,1,Doodles
8778,1,3.5,3.5,3.5,3.5,1,1,Doodles
8990,2,1.321,1.48,1.162,2.642,1,1,Doodles
8955,1,0.99,0.99,0.99,0.99,1,1,Doodles
8895,5,8.145999999999999,14.5,1.5,40.73,1,1,Doodles
8834,1,1.18,1.18,1.18,1.18,1,1,Doodles
8929,12,1.4953983333333334,3.18,0.99,17.94478,1,1,Doodles
8831,3,5.53,9.0,3.19,16.59,1,1,Doodles
8944,1,1.33,1.33,1.33,1.33,1,1,Doodles
8862,3,24.46,61.69,5.0,73.38,1,1,Doodles
8966,11,2.3470725454545454,4.5,0.9,25.817798,1,1,Doodles
8967,14,2.946357142857143,8.5,1.0,41.249,1,1,Doodles
8773,5,9.118,15.2,1.2,45.59,1,1,Doodles
8995,1,1.1899,1.1899,1.1899,1.1899,1,1,Doodles
8965,5,1.968,3.1,0.9,9.84,1,1,Doodles
8953,8,7.1504062500000005,15.8,1.5,57.20325,1,1,Doodles
8983,12,5.186988333333333,15.88,1.2,62.24386,1,1,Doodles
8932,6,4.273016666666667,6.75,1.2,25.6381,1,1,Doodles
8976,5,2.298964,7.5,0.91495,11.49482,1,1,Doodles
8892,22,5.575979136363636,15.49,1.4,122.671541,1,1,Doodles
8910,2,3.94,6.2,1.68,7.88,1,1,Doodles
8933,6,6.3950000000000005,14.9,0.9,38.370000000000005,1,1,Doodles
8902,1,3.98,3.98,3.98,3.98,1,1,Doodles
8969,13,5.00321,14.425509,0.82,65.04173,1,1,Doodles
8884,4,2.99975,8.5,1.0,11.999,1,1,Doodles
8794,5,2.088,3.65,1.2,10.44,1,1,Doodles
8785,44,5.152522727272727,9.9,1.2,226.711,1,1,Doodles
8993,6,1.7171666666666667,3.19,1.09,10.303,1,1,Doodles
8923,1,0.84,0.84,0.84,0.84,1,1,Doodles
8803,29,2.674082689655173,7.79,0.818,77.548398,1,1,Doodles
8964,2,0.8500000000000001,0.9,0.8,1.7000000000000002,1,1,Doodles
8844,1,1.2,1.2,1.2,1.2,1,1,Doodles
8860,27,5.149724444444445,6.71,0.93,139.04256,1,1,Doodles
9000,2,1.495,1.99,1.0,2.99,1,1,Doodles
8880,3,11.826333333333332,27.5,0.99,35.479,1,1,Doodles
8979,8,1.926872375,4.75,0.495,15.414979,1,1,Doodles
8974,2,11.75,21.0,2.5,23.5,1,1,Doodles
8987,4,2.7,4.45,1.2,10.8,1,1,Doodles
8842,2,1.625,1.9,1.35,3.25,1,1,Doodles
8939,1,1.177,1.177,1.177,1.177,1,1,Doodles
8996,2,3.53495,5.88,1.1899,7.0699,1,1,Doodles
8887,8,3.2784,12.5,0.41,26.2272,1,1,Doodles
8881,2,0.9305,1.05,0.811,1.861,1,1,Doodles
8905,23,3.693664782608696,13.88,1.144,84.95429,1,1,Doodles
8815,8,1.72175,3.484,0.85,13.774,1,1,Doodles
8975,9,3.3678000000000003,7.24,1.0,30.3102,1,1,Doodles
8877,3,1.4893333333333334,1.879,1.2,4.468,1,1,Doodles
8838,7,5.8500000000000005,11.95,0.9,40.95,1,1,Doodles
8978,11,8.400484,24.5,1.1,92.405324,1,1,Doodles
8951,0,0.0,0.0,0.0,0.0,0,0,Doodles
8786,10,2.2095,3.99,1.14,22.095,1,1,Doodles
8999,5,1.77596,3.8999,1.1,8.8798,1,1,Doodles
8839,2,3.058795,3.42069,2.6969,6.11759,1,1,Doodles
8981,14,3.413642857142857,5.06,0.94,47.791,1,1,Doodles
8787,13,3.681992307692308,15.48,1.29,47.8659,1,1,Doodles
8926,4,4.5600000000000005,11.89,1.4,18.24,1,1,Doodles
8857,3,1.2163333333333333,1.499,0.9,3.649,1,1,Doodles
8830,68,3.0715111764705885,8.0,1.05,208.86276,1,1,Doodles
8861,1,13.0,13.0,13.0,13.0,1,1,Doodles
8766,4,7.915,13.69,1.2,31.66,1,1,Doodles
8931,4,3.48625,7.4,1.3,13.945,1,1,Doodles
8909,6,4.932333333333333,14.38,1.188,29.594,1,1,Doodles
8928,10,5.614590000000001,15.8,1.05,56.145900000000005,1,1,Doodles
8937,6,6.07,16.0,1.19,36.42,1,1,Doodles
8919,34,2.048545588235294,4.49,0.78,69.65055,1,1,Doodles
8935,3,1.8586666666666665,3.3,0.888,5.576,1,1,Doodles
8849,3,7.383033333333333,11.2791,0.87,22.1491,1,1,Doodles
8992,34,4.823353823529412,7.65,0.99,163.99403,1,1,Doodles
8774,6,3.2052333333333336,4.2814,1.25,19.2314,1,1,Doodles
8846,28,4.371567857142857,7.3001,0.87,122.4039,1,1,Doodles
8850,8,2.6991655,14.89,0.413,21.593324,1,1,Doodles
8847,4,2.23,3.42,1.2,8.92,1,1,Doodles
8903,15,4.419246666666667,11.0,0.99,66.2887,1,1,Doodles
8868,10,6.3148999,16.5,0.74,63.148999,1,1,Doodles
8826,5,10.5384,16.75,1.197,52.692,1,1,Doodles
8959,17,2.7288529411764704,7.3,0.8,46.3905,1,1,Doodles
8820,11,3.898963636363636,5.18,3.41,42.8886,1,1,Doodles
8913,2,7.195,13.0,1.39,14.39,1,1,Doodles
8977,1,0.85,0.85,0.85,0.85,1,1,Doodles
8790,15,4.7483933333333335,22.22,1.1969,71.2259,1,1,Doodles
8833,19,3.2654734210526315,7.9,1.045,62.043995,1,1,Doodles
8916,4,8.42,15.0,0.98,33.68,1,1,Doodles
9001,14,2.245038571428572,11.89,0.473,31.43054,1,1,Doodles
8788,16,4.649613125,11.75,0.5,74.39381,1,1,Doodles
8888,2,5.04,8.88,1.2,10.08,1,1,Doodles
8851,2,1.05,1.1,1.0,2.1,1,1,Doodles
8896,21,3.860904761904762,5.7,0.8,81.07900000000001,1,1,Doodles
8872,15,1.8556933333333332,3.19,1.05,27.8354,1,1,Doodles
8811,4,4.828348500000001,15.5,0.923494,19.313394,1,1,Doodles
8988,16,4.2580875,9.6,0.945,68.1294,1,1,Doodles
8942,3,5.743333333333333,13.0,1.23,17.23,1,1,Doodles
8740,8,1.36699875,1.87,0.79,10.93599,1,1,Doodles
8730,4,9.3825,21.49,1.25,37.53,1,1,Doodles
8586,12,2.4691666666666667,6.87,0.88,29.63,1,1,Doodles
8674,7,2.881428571428572,8.49,1.0,20.17,1,1,Doodles
8728,56,4.368361339285714,6.59,0.86,244.628235,1,1,Doodles
8697,2,56.5,100.0,13.0,113.0,1,1,Doodles
8742,2,2.025,2.16,1.89,4.05,1,1,Doodles
8587,52,3.915621134615385,5.9,1.3282,203.612299,1,1,Doodles
8729,17,6.228458764705882,12.8,1.1697,105.883799,1,1,Doodles
8588,24,3.489385791666667,13.9,1.35,83.745259,1,1,Doodles
8568,1,0.8799,0.8799,0.8799,0.8799,1,1,Doodles
8687,3,1.4813333333333334,1.74,1.069,4.444,1,1,Doodles
8558,9,4.0709888888888885,6.45,1.3,36.6389,1,1,Doodles
8643,2,4.2,5.0,3.4,8.4,1,1,Doodles
8601,7,2.134614285714286,4.95,0.687,14.9423,1,1,Doodles
8655,34,5.749646764705882,7.64,1.03,195.48799,1,1,Doodles
8599,26,3.790865346153846,7.7,1.043799,98.562499,1,1,Doodles
8684,11,6.205079090909091,16.39,1.15,68.25587,1,1,Doodles
8701,10,4.97028,9.2,1.0,49.7028,1,1,Doodles
8691,6,12.22115,23.98,1.05,73.3269,1,1,Doodles
8659,2,3.745,5.99,1.5,7.49,1,1,Doodles
8551,21,3.0838547142857142,10.5,1.17,64.760949,1,1,Doodles
8615,4,5.813750000000001,18.85,0.855,23.255000000000003,1,1,Doodles
8663,5,2.843,11.0,0.48,14.215,1,1,Doodles
8700,15,1.3032909333333331,3.8,0.91,19.549364,1,1,Doodles
8651,21,5.122171428571429,7.9,1.25,107.5656,1,1,Doodles
8713,47,4.298420404255319,7.76,1.1,202.025759,1,1,Doodles
8552,15,1.8626666,3.5,1.09,27.939999,1,1,Doodles
8764,4,4.15,4.9,2.59,16.6,1,1,Doodles
8759,8,7.043125,21.75,0.8,56.345,1,1,Doodles
8709,3,2.59193,4.44879,1.448,7.77579,1,1,Doodles
8602,5,4.976000000000001,8.8,1.28,24.880000000000003,1,1,Doodles
8686,1,1.47,1.47,1.47,1.47,1,1,Doodles
8724,10,4.4859,10.99,0.8,44.859,1,1,Doodles
8614,27,3.3134694444444444,6.63,0.858,89.463675,1,1,Doodles
8704,1,28.88,28.88,28.88,28.88,1,1,Doodles
8582,33,2.431955363636364,23.0,0.42,80.254527,1,1,Doodles
8753,1,6.5,6.5,6.5,6.5,1,1,Doodles
8664,13,1.4486846153846151,2.12,1.2,18.8329,1,1,Doodles
8725,7,5.724857142857142,13.5,1.13,40.074,1,1,Doodles
8721,38,3.0769160789473684,7.25,0.8,116.922811,1,1,Doodles
8748,6,4.835466666666666,14.5,1.349,29.0128,1,1,Doodles
8613,3,1.085,1.375,0.88,3.255,1,1,Doodles
8757,15,2.756803333333333,4.86995,1.29,41.35205,1,1,Doodles
8640,45,3.2219322000000004,7.44,1.2,144.986949,1,1,Doodles
8590,10,6.0209,15.5,1.0,60.209,1,1,Doodles
8578,1,1.35,1.35,1.35,1.35,1,1,Doodles
8644,3,2.4433333333333334,3.0,1.5,7.33,1,1,Doodles
8760,11,1.9249080909090908,3.05,0.869,21.173989,1,1,Doodles
8609,33,6.031554242424242,13.69,1.2,199.04129,1,1,Doodles
8622,2,2.65,4.0,1.3,5.3,1,1,Doodles
8623,13,3.975807692307692,15.05,0.767,51.6855,1,1,Doodles
8539,7,2.8194285714285714,6.0,1.195,19.736,1,1,Doodles
8611,6,2.873333166666667,12.55,0.608,17.239999,1,1,Doodles
8732,27,3.0004844444444445,8.0,0.89,81.01308,1,1,Doodles
8605,4,5.047000000000001,15.4,0.888,20.188,1,1,Doodles
8628,3,3.57,5.01,2.8,10.71,1,1,Doodles
8589,2,5.6,6.2,5.0,11.2,1,1,Doodles
8576,2,8.239,15.678,0.8,16.478,1,1,Doodles
8657,30,0.8311419666666667,1.05,0.55,24.934259,1,1,Doodles
8557,15,1.6531086,3.8,1.17,24.796629,1,1,Doodles
8593,3,1.013,1.19,0.899,3.039,1,1,Doodles
8667,1,1.02,1.02,1.02,1.02,1,1,Doodles
8620,2,1.2082,1.2364,1.18,2.4164,1,1,Doodles
8695,7,8.234285714285715,14.0,3.0,57.64,1,1,Doodles
8600,8,4.778375,14.8,1.039,38.227,1,1,Doodles
8719,11,3.4031,9.15,0.85,37.4341,1,1,Doodles
8549,4,2.5023875,6.39,1.17,10.00955,1,1,Doodles
8737,14,4.5315,14.0,0.85,63.441,1,1,Doodles
8679,6,2.9800000000000004,10.9,0.99,17.880000000000003,1,1,Doodles
8603,3,1.8799666666666663,2.39,1.1999,5.6399,1,1,Doodles
8752,1,1.19,1.19,1.19,1.19,1,1,Doodles
8718,4,6.756225000000001,13.33,1.5,27.0249,1,1,Doodles
8652,3,1.2996666666666667,1.85,0.98,3.899,1,1,Doodles
8550,3,4.012666666666667,9.88,0.988,12.038,1,1,Doodles
8544,2,6.525,6.9,6.15,13.05,1,1,Doodles
8645,4,4.1475,7.69,1.6,16.59,1,1,Doodles
8596,2,1.5375,1.745,1.33,3.075,1,1,Doodles
8683,2,1.3845,1.39,1.379,2.769,1,1,Doodles
8699,25,5.945604,6.79,1.13,148.6401,1,1,Doodles
8681,2,2.49,2.98,2.0,4.98,1,1,Doodles
8548,32,5.801934375,7.18,0.9,185.6619,1,1,Doodles
8624,2,0.995,1.04,0.95,1.99,1,1,Doodles
8668,57,4.359317543859649,13.28,1.05,248.4811,1,1,Doodles
8693,47,2.9316382978723405,4.65,1.44,137.787,1,1,Doodles
8631,6,1.8113333333333332,4.0,0.98,10.868,1,1,Doodles
8682,27,4.864555555555556,15.4,1.18,131.343,1,1,Doodles
8579,12,2.92048325,6.22,1.05,35.045799,1,1,Doodles
8702,4,2.31,5.0,1.25,9.24,1,1,Doodles
8566,4,6.93,16.5,2.88,27.72,1,1,Doodles
8617,40,4.520016925,10.0,1.9,180.800677,1,1,Doodles
8677,4,1.255,1.8,0.7,5.02,1,1,Doodles
8569,2,1.169,1.399,0.939,2.338,1,1,Doodles
8690,4,2.1790000000000003,3.333,1.45,8.716000000000001,1,1,Doodles
8762,7,4.5065,20.0,0.42,31.5455,1,1,Doodles
8630,18,1.5936772222222222,4.0,0.451,28.68619,1,1,Doodles
8763,15,3.74872,20.6,0.88,56.2308,1,1,Doodles
8739,1,2.0,2.0,2.0,2.0,1,1,Doodles
8671,19,2.7961578947368424,4.61,0.9,53.127,1,1,Doodles
8648,2,4.75,7.5,2.0,9.5,1,1,Doodles
8634,2,7.75,14.0,1.5,15.5,1,1,Doodles
8559,27,5.33802962962963,11.4,0.36884,144.1268,1,1,Doodles
8604,1,1.99,1.99,1.99,1.99,1,1,Doodles
8647,1,3.5,3.5,3.5,3.5,1,1,Doodles
8541,4,2.006,3.0,1.175,8.024000000000001,1,1,Doodles
8621,85,7.254785882352941,36.0,0.97,616.6568,1,1,Doodles
8733,1,1.25,1.25,1.25,1.25,1,1,Doodles
8618,46,3.370496,6.71,1.33,155.042816,1,1,Doodles
8649,4,6.0,20.0,1.1,24.0,1,1,Doodles
8734,8,2.73874875,4.9,1.2,21.90999,1,1,Doodles
8546,2,14.345,24.0,4.69,28.69,1,1,Doodles
8707,4,4.677475,5.5,4.0,18.7099,1,1,Doodles
8629,31,3.040961193548387,7.380999,0.678551,94.269797,1,1,Doodles
8580,64,4.54931809375,8.3,1.04246,291.156358,1,1,Doodles
8543,18,1.845782166666667,7.0,0.38,33.224079,1,1,Doodles
8642,5,5.16,7.76,1.1,25.8,1,1,Doodles
8553,4,3.645925,6.78,1.17,14.5837,1,1,Doodles
8670,5,2.188,3.88,0.9,10.94,1,1,Doodles
8712,7,5.635585714285715,20.0,0.0001,39.4491,1,1,Doodles
8710,11,3.453478272727273,15.2,0.88,37.988261,1,1,Doodles
8714,20,3.397045,4.11,1.15,67.9409,1,1,Doodles
8692,8,5.1656,14.0,2.2,41.3248,1,1,Doodles
8564,8,9.80875,15.0,1.25,78.47,1,1,Doodles
8619,37,2.9643459459459462,3.82,0.7,109.6808,1,1,Doodles
8741,0,0.0,0.0,0.0,0.0,0,0,Doodles
8556,2,4.7473,7.5046,1.99,9.4946,1,1,Doodles
8750,5,4.9118,10.9,1.0,24.559,1,1,Doodles
8575,2,2.27,3.49,1.05,4.54,1,1,Doodles
8703,29,3.762895862068965,15.0,1.37,109.12398,1,1,Doodles
8612,4,5.3375,10.85,2.0,21.35,1,1,Doodles
8731,1,2.96,2.96,2.96,2.96,1,1,Doodles
8676,11,6.325727272727272,26.0,1.0,69.583,1,1,Doodles
8646,1,1.6,1.6,1.6,1.6,1,1,Doodles
8665,19,4.177208368421052,17.0,0.996959,79.366959,1,1,Doodles
8747,1,1.0,1.0,1.0,1.0,1,1,Doodles
8562,1,3.0,3.0,3.0,3.0,1,1,Doodles
8736,4,3.196405,4.35,1.35,12.78562,1,1,Doodles
8594,1,1.269,1.269,1.269,1.269,1,1,Doodles
8666,3,6.18,15.99,1.2,18.54,1,1,Doodles
8744,1,1.2,1.2,1.2,1.2,1,1,Doodles
8723,2,4.9185,8.49,1.347,9.837,1,1,Doodles
8716,2,1.02695,1.054,0.9999,2.0539,1,1,Doodles
8689,8,2.040625,4.4,0.97,16.325,1,1,Doodles
8758,2,9.0,16.5,1.5,18.0,1,1,Doodles
8639,3,4.086333333333333,9.69,1.2,12.259,1,1,Doodles
8705,7,3.641428571428572,10.0,1.5,25.49,1,1,Doodles
8727,2,2.2585,3.5,1.017,4.517,1,1,Doodles
8540,17,3.154099411764706,7.45,0.5249,53.61969,1,1,Doodles
8565,28,2.8665346428571428,7.47,0.695,80.26297,1,1,Doodles
8672,3,3.7823,8.95,1.1969,11.3469,1,1,Doodles
8708,35,3.4038951142857146,10.5,1.05,119.136329,1,1,Doodles
8610,4,3.4375,8.2,1.18,13.75,1,1,Doodles
8698,4,4.085,12.45,1.17,16.34,1,1,Doodles
8755,7,5.412857142857143,15.2,1.65,37.89,1,1,Doodles
8616,12,1.493475,3.23,0.95,17.9217,1,1,Doodles
8637,16,3.55268625,13.1,1.11,56.84298,1,1,Doodles
8573,1,1.1,1.1,1.1,1.1,1,1,Doodles
8678,23,2.7785339130434785,7.14,0.7,63.90628,1,1,Doodles
8738,1,1.35,1.35,1.35,1.35,1,1,Doodles
8542,8,1.643599875,6.45,0.534,13.148799,1,1,Doodles
8756,1,3.96,3.96,3.96,3.96,1,1,Doodles
8560,3,1.22,1.49,0.99,3.66,1,1,Doodles
8608,3,1.836666666666667,3.3,1.0,5.51,1,1,Doodles
8754,2,1.96,2.49,1.43,3.92,1,1,Doodles
8746,4,5.87505,19.25,1.2502,23.5002,1,1,Doodles
8584,62,4.736201596774193,6.63,1.19,293.644499,1,1,Doodles
8669,24,3.601694875,17.98,0.92,86.44067700000001,1,1,Doodles
8585,8,4.855,11.5,0.88,38.84,1,1,Doodles
8570,25,4.383076,7.48,0.769,109.5769,1,1,Doodles
8761,3,3.046666666666667,5.0,1.26,9.14,1,1,Doodles
8660,15,3.811206666666666,5.63,0.88,57.1681,1,1,Doodles
8711,21,2.5004422857142856,4.54999,1.241,52.509288,1,1,Doodles
8726,3,2.1265666666666667,3.68,1.2997,6.3797,1,1,Doodles
8749,3,9.996666666666668,27.0,1.49,29.99,1,1,Doodles
8673,3,2.533333333333333,4.0,1.2,7.6,1,1,Doodles
8654,2,2.13,3.07,1.19,4.26,1,1,Doodles
8607,12,2.7916000000000003,4.55,1.05,33.4992,1,1,Doodles
8720,5,2.804,3.9,0.88,14.02,1,1,Doodles
8706,4,2.4575,3.8,1.44,9.83,1,1,Doodles
8554,10,3.8150699,13.92,1.56,38.150699,1,1,Doodles
8653,5,3.4282200000000005,9.6,1.18,17.1411,1,1,Doodles
8641,5,2.047356,2.87,0.74678,10.23678,1,1,Doodles
8606,8,5.8799875,13.99,0.95,47.0399,1,1,Doodles
8597,6,2.706666666666667,5.99,1.5,16.240000000000002,1,1,Doodles
8626,2,11.45,18.5,4.4,22.9,1,1,Doodles
8561,3,2.98,5.1,0.99,8.94,1,1,Doodles
8685,2,7.83,14.5,1.16,15.66,1,1,Doodles
8661,9,3.5802,6.65,0.362,32.2218,1,1,Doodles
8591,8,3.9825,19.0,1.37,31.86,1,1,Doodles
8581,2,1.4,1.45,1.35,2.8,1,1,Doodles
8650,5,9.578,21.0,1.25,47.89,1,1,Doodles
8567,2,18.15,26.4,9.9,36.3,1,1,Doodles
8743,4,2.3,4.25,1.1,9.2,1,1,Doodles
8571,2,1.4598,1.9696,0.95,2.9196,1,1,Doodles
8688,1,1.45,1.45,1.45,1.45,1,1,Doodles
8636,4,5.2725,6.5,4.0,21.09,1,1,Doodles
8633,1,1.48888,1.48888,1.48888,1.48888,1,1,Doodles
8545,25,2.1000636,8.769,0.492,52.50159,1,1,Doodles
8638,2,8.625,15.0,2.25,17.25,1,1,Doodles
8555,1,8.0,8.0,8.0,8.0,1,1,Doodles
8592,21,1.9377804285714288,11.0,0.613,40.693389,1,1,Doodles
8632,28,4.569146428571428,6.59,1.1,127.9361,1,1,Doodles
8598,2,1.205,1.29,1.12,2.41,1,1,Doodles
8715,9,1.1028332222222224,2.1,0.8,9.925499,1,1,Doodles
8627,4,10.9375,22.0,5.0,43.75,1,1,Doodles
8745,5,1.53396,2.95,0.8918,7.6698,1,1,Doodles
8656,8,4.44175,11.25,1.03,35.534,1,1,Doodles
8694,2,3.345,4.69,2.0,6.69,1,1,Doodles
8625,3,3.0579,6.44,1.0,9.1737,1,1,Doodles
8735,4,4.656700000000001,11.89,1.2468,18.626800000000003,1,1,Doodles
8751,6,2.9746663333333334,8.888,1.19,17.847998,1,1,Doodles
8574,4,1.0775,1.2,0.89,4.3100000000000005,1,1,Doodles
8658,3,2.16,3.99,1.19,6.48,1,1,Doodles
8722,19,2.311704052631579,3.288498,0.97,43.922377,1,1,Doodles
8680,21,6.6036,16.0,1.18,138.6756,1,1,Doodles
8577,16,1.77920375,3.0,0.6197,28.46726,1,1,Doodles
8547,23,4.120210782608695,15.75,1.0,94.764848,1,1,Doodles
8595,2,2.145,2.5,1.79,4.29,1,1,Doodles
8563,26,3.842665,13.0,1.06,99.90929,1,1,Doodles
8717,11,2.480090909090909,6.95,0.591,27.281,1,1,Doodles
8675,5,5.876,18.5,0.99,29.380000000000003,1,1,Doodles
8662,2,9.2,17.0,1.4,18.4,1,1,Doodles
8696,2,12.445,17.9,6.99,24.89,1,1,Doodles
8635,10,2.749345,6.04,1.33585,27.49345,1,1,Doodles
8583,1,1.12,1.12,1.12,1.12,1,1,Doodles
8572,35,4.045639314285714,5.59,0.899,141.597376,1,1,Doodles
8315,77,1.4841255584415585,6.2,0.36,114.277668,1,1,Doodles
8433,20,3.61871255,7.98,0.998,72.374251,1,1,Doodles
8527,2,14.328,15.99,12.666,28.656,1,1,Doodles
8460,1,1.1,1.1,1.1,1.1,1,1,Doodles
8425,2,5.495,9.99,1.0,10.99,1,1,Doodles
8490,2,1.985,3.0,0.97,3.97,1,1,Doodles
8412,21,3.5971428571428574,10.0,1.35,75.54,1,1,Doodles
8376,4,4.85975,12.0,0.899,19.439,1,1,Doodles
8318,2,4.8,8.5,1.1,9.6,1,1,Doodles
8313,104,3.141331038461538,6.89,1.15,326.698428,1,1,Doodles
8458,25,4.48828256,24.0,0.925,112.207064,1,1,Doodles
8316,5,4.2826,9.99,1.333,21.413,1,1,Doodles
8338,3,4.6056333333333335,6.9069,1.01,13.8169,1,1,Doodles
8453,23,4.185695652173913,6.165,0.899,96.271,1,1,Doodles
8399,20,5.3123299,7.999,1.349,106.246598,1,1,Doodles
8422,2,1.825,2.65,1.0,3.65,1,1,Doodles
8509,4,2.73185,3.7,1.5,10.9274,1,1,Doodles
8304,9,5.124439,7.839951,1.0,46.119951,1,1,Doodles
8328,30,1.4356527,7.4,0.43,43.069581,1,1,Doodles
8525,19,3.067036315789474,8.39,1.0969,58.27369,1,1,Doodles
8482,8,3.4033625,5.88,1.0969,27.2269,1,1,Doodles
8438,7,5.6127142857142855,14.3,1.06,39.289,1,1,Doodles
8366,6,4.223166666666667,11.5,0.849,25.339,1,1,Doodles
8309,3,1.71,3.0,0.9,5.13,1,1,Doodles
8374,50,3.51504154,13.09,0.75,175.752077,1,1,Doodles
8322,4,2.68,5.99,1.32,10.72,1,1,Doodles
8393,20,2.7547975,7.345,0.77,55.09595,1,1,Doodles
8414,5,4.654999999999999,7.7,1.05,23.275,1,1,Doodles
8335,5,5.94178,14.269,1.3,29.7089,1,1,Doodles
8441,4,1.20225,1.29,1.15,4.809,1,1,Doodles
8494,29,2.214046448275862,12.5,0.715,64.207347,1,1,Doodles
8469,3,3.1933333333333334,4.18,1.9,9.58,1,1,Doodles
8423,11,2.1631727272727272,4.7,1.2,23.7949,1,1,Doodles
8326,32,3.3048196875,15.0,0.362,105.75423,1,1,Doodles
8388,5,3.51502,11.5,0.95,17.5751,1,1,Doodles
8391,4,1.68725,3.3,0.95,6.749,1,1,Doodles
8442,7,3.9812857142857134,4.85,1.18,27.869,1,1,Doodles
8363,2,1.465,1.74,1.19,2.93,1,1,Doodles
8337,10,6.789888,25.0,1.28,67.89888,1,1,Doodles
8431,2,5.8,10.0,1.6,11.6,1,1,Doodles
8472,26,2.0739169615384614,22.1,0.421,53.921841,1,1,Doodles
8485,21,2.3061404285714286,4.769,0.35,48.428949,1,1,Doodles
8395,5,5.4558,10.25,1.389,27.279,1,1,Doodles
8364,2,1.228918,1.267836,1.19,2.457836,1,1,Doodles
8303,9,4.819072888888889,15.678,0.365,43.371656,1,1,Doodles
8348,10,3.388317,16.69,0.9,33.88317,1,1,Doodles
8426,5,5.025,13.0,1.1,25.125,1,1,Doodles
8379,16,2.9183654375,14.0,1.299,46.693847,1,1,Doodles
8471,3,3.9590666666666663,6.77,2.1072,11.8772,1,1,Doodles
8459,13,3.747715384615385,6.45,0.82,48.7203,1,1,Doodles
8477,24,5.935472874999999,16.0,0.47,142.451349,1,1,Doodles
8351,16,1.9910631875,16.0,0.41,31.857011,1,1,Doodles
8319,4,5.71,14.9,0.94,22.84,1,1,Doodles
8359,2,0.9145,1.0,0.829,1.829,1,1,Doodles
8306,16,3.452125,11.5,1.68,55.234,1,1,Doodles
8504,3,6.45,16.5,1.25,19.35,1,1,Doodles
8499,3,3.988666666666667,5.3,1.666,11.966,1,1,Doodles
8463,38,3.426015763157895,21.99,1.0,130.188599,1,1,Doodles
8503,3,10.016666666666667,16.0,1.25,30.05,1,1,Doodles
8519,2,8.5,16.25,0.75,17.0,1,1,Doodles
8361,15,4.876586666666667,18.48,1.2,73.14880000000001,1,1,Doodles
8311,3,6.573333333333333,13.0,1.5,19.72,1,1,Doodles
8400,11,6.039363636363635,20.0,0.547,66.43299999999999,1,1,Doodles
8382,6,2.6785333333333337,8.0,1.075,16.0712,1,1,Doodles
8510,21,2.648679857142857,8.62,0.37618,55.622277,1,1,Doodles
8358,99,5.093259595959596,14.0,0.505,504.2327,1,1,Doodles
8467,2,4.9745,6.949,3.0,9.949,1,1,Doodles
8310,5,2.5898,3.0,2.0,12.949,1,1,Doodles
8475,3,8.92,17.0,1.56,26.76,1,1,Doodles
8424,34,3.2672079411764705,5.07,0.75,111.08507,1,1,Doodles
8390,54,2.0436214814814813,12.5,0.5444,110.35556,1,1,Doodles
8451,3,2.9166666666666665,5.8,1.05,8.75,1,1,Doodles
8352,26,3.4817680384615386,20.4875,0.798,90.525969,1,1,Doodles
8440,4,2.95025,5.0,1.311,11.801,1,1,Doodles
8408,3,1.82,3.49,0.77,5.46,1,1,Doodles
8308,4,4.376250000000001,9.98,0.9,17.505000000000003,1,1,Doodles
8334,16,3.081233125,15.98,0.466,49.29973,1,1,Doodles
8339,2,10.5,20.0,1.0,21.0,1,1,Doodles
8417,3,1.0596666666666668,1.289,0.85,3.1790000000000003,1,1,Doodles
8513,7,5.6832714285714285,14.2,0.6554,39.7829,1,1,Doodles
8434,52,2.030153461538461,4.83,1.21,105.56798,1,1,Doodles
8411,4,8.3375,15.0,1.35,33.35,1,1,Doodles
8444,2,1.0945,1.19,0.999,2.189,1,1,Doodles
8443,3,5.19,12.34,1.25,15.57,1,1,Doodles
8305,5,1.85672,4.99,0.42,9.2836,1,1,Doodles
8332,17,1.5190746470588237,4.299,0.42,25.824269,1,1,Doodles
8508,4,2.90197475,9.0,0.69,11.607899,1,1,Doodles
8514,9,4.910888888888889,13.99,0.745,44.198,1,1,Doodles
8329,21,2.6145437142857144,15.0,0.75,54.905418,1,1,Doodles
8492,3,1.483,2.1,1.0,4.449,1,1,Doodles
8436,2,23.355,42.0,4.71,46.71,1,1,Doodles
8420,36,4.240510805555555,8.0402,0.9342,152.658389,1,1,Doodles
8403,4,5.8100000000000005,9.0,3.99,23.24,1,1,Doodles
8500,4,4.037975,9.612,1.0499,16.1519,1,1,Doodles
8479,5,1.86538,2.1569,1.42,9.326899999999998,1,1,Doodles
8522,32,4.30208125,16.0,0.745,137.6666,1,1,Doodles
8456,4,1.845,3.45,0.8,7.38,1,1,Doodles
8493,4,6.98725,18.0,1.349,27.949,1,1,Doodles
8497,12,4.233824916666667,14.92,1.1143,50.805899,1,1,Doodles
8495,10,4.53677,18.88,1.349,45.3677,1,1,Doodles
8355,2,1.37,1.5,1.24,2.74,1,1,Doodles
8354,8,6.2360125,18.69,0.59,49.8881,1,1,Doodles
8325,4,2.59775,6.0,1.141,10.391,1,1,Doodles
8404,19,3.0013105263157898,13.707,0.84,57.0249,1,1,Doodles
8357,46,3.398073847826087,6.62,0.56,156.311397,1,1,Doodles
8520,11,3.0173636363636365,10.0,0.477,33.191,1,1,Doodles
8535,7,3.742501428571429,7.6,2.022,26.19751,1,1,Doodles
8518,8,3.328425,7.75,0.9199,26.6274,1,1,Doodles
8446,4,2.226725,4.2069,1.3,8.9069,1,1,Doodles
8405,62,5.004064338709677,7.245,0.77,310.251989,1,1,Doodles
8375,9,2.9048888888888893,6.9,1.1,26.144,1,1,Doodles
8538,6,3.2100165,7.9,1.11,19.260099,1,1,Doodles
8536,20,3.928977900000001,15.2469,1.4,78.579558,1,1,Doodles
8486,4,7.3125,13.5,1.0,29.25,1,1,Doodles
8371,98,4.753105091836735,8.0,0.9,465.804299,1,1,Doodles
8406,1,1.25,1.25,1.25,1.25,1,1,Doodles
8450,4,6.15,15.0,1.6,24.6,1,1,Doodles
8389,4,29.44225,69.0,6.269,117.769,1,1,Doodles
8498,8,6.481549875,15.9,1.2666,51.852399,1,1,Doodles
8531,1,1.15,1.15,1.15,1.15,1,1,Doodles
8465,1,7.18,7.18,7.18,7.18,1,1,Doodles
8534,46,5.329997369565217,21.0,1.01,245.179879,1,1,Doodles
8530,1,1.15,1.15,1.15,1.15,1,1,Doodles
8344,17,3.5924029411764704,5.85,0.898,61.07085,1,1,Doodles
8301,5,1.6956398,3.05,1.05,8.478199,1,1,Doodles
8413,4,3.0629737500000003,3.6528,2.099095,12.251895,1,1,Doodles
8373,2,7.42,13.95,0.89,14.84,1,1,Doodles
8466,8,12.01375,23.99,6.5,96.11,1,1,Doodles
8454,5,3.677806,6.9999,1.15,18.38903,1,1,Doodles
8343,7,16.777142857142856,60.0,1.0,117.44,1,1,Doodles
8392,22,2.5879658181818184,6.43,0.442499,56.935248,1,1,Doodles
8529,1,1.0969,1.0969,1.0969,1.0969,1,1,Doodles
8445,8,3.73815,10.6,1.25,29.9052,1,1,Doodles
8415,4,13.298750000000002,25.69,1.15,53.19500000000001,1,1,Doodles
8345,31,4.37231935483871,6.55,0.85,135.5419,1,1,Doodles
8386,2,5.525,10.0,1.05,11.05,1,1,Doodles
8381,21,3.446342857142857,6.51,0.9412,72.3732,1,1,Doodles
8521,1,3.0,3.0,3.0,3.0,1,1,Doodles
8377,10,3.40999,6.399,0.99,34.0999,1,1,Doodles
8516,21,3.1339999999999995,15.99,1.1,65.814,1,1,Doodles
8429,13,2.9223440000000003,16.0,0.736,37.990472,1,1,Doodles
8532,10,2.28999,3.747,1.2,22.8999,1,1,Doodles
8401,16,2.5995,10.9,0.484,41.592,1,1,Doodles
8528,1,13.37,13.37,13.37,13.37,1,1,Doodles
8320,28,4.7782857142857145,7.25,1.34,133.792,1,1,Doodles
8369,12,2.130529166666667,4.55,1.0,25.56635,1,1,Doodles
8462,17,1.9794940588235288,6.0004,0.785,33.651399,1,1,Doodles
8368,4,5.2330000000000005,15.88,0.83,20.932,1,1,Doodles
8342,1,1.666,1.666,1.666,1.666,1,1,Doodles
8385,12,5.520566666666666,16.0,1.0,66.2468,1,1,Doodles
8428,5,7.386,16.0,0.98,36.93,1,1,Doodles
8330,12,1.89898325,2.26,0.99,22.787799,1,1,Doodles
8507,3,5.98,14.5,1.25,17.94,1,1,Doodles
8402,12,5.8669166666666674,16.6,0.8,70.403,1,1,Doodles
8324,8,2.905699875,7.99,1.32,23.245599,1,1,Doodles
8517,3,10.13,26.69,1.6,30.39,1,1,Doodles
8505,9,0.7389722222222223,2.0,0.455,6.65075,1,1,Doodles
8468,8,3.301334875,14.0,0.974,26.410679,1,1,Doodles
8380,1,0.942,0.942,0.942,0.942,1,1,Doodles
8437,2,2.915,3.88,1.95,5.83,1,1,Doodles
8474,3,7.381333333333333,15.5,3.3,22.144,1,1,Doodles
8340,10,3.5813,14.0,1.39,35.813,1,1,Doodles
8353,4,14.7475,49.0,1.5,58.99,1,1,Doodles
8365,25,5.11724,16.0,1.07,127.931,1,1,Doodles
8439,7,6.382371428571429,16.0,1.18,44.6766,1,1,Doodles
8302,9,1.9902966666666664,2.355,0.92,17.91267,1,1,Doodles
8321,2,1.045,1.15,0.94,2.09,1,1,Doodles
8488,4,4.6625,11.5,1.0,18.65,1,1,Doodles
8480,12,2.51683325,13.5,0.711,30.201999,1,1,Doodles
8512,33,4.807808242424242,13.2,0.8,158.657672,1,1,Doodles
8367,8,4.037475,10.5,0.1,32.2998,1,1,Doodles
8432,2,1.2195,1.239,1.2,2.439,1,1,Doodles
8398,14,4.956074928571428,14.69,0.92495,69.385049,1,1,Doodles
8464,4,1.8765,2.5,1.23,7.506,1,1,Doodles
8362,3,1.2133333333333334,1.48,1.06,3.64,1,1,Doodles
8370,1,0.83,0.83,0.83,0.83,1,1,Doodles
8502,0,0.0,0.0,0.0,0.0,0,0,Doodles
8387,4,3.3975,5.69,1.2,13.59,1,1,Doodles
8421,16,2.4241143750000003,10.0,0.728,38.78583,1,1,Doodles
8378,2,1.361,1.88,0.842,2.722,1,1,Doodles
8331,85,2.3129173529411764,7.79,0.379178,196.597975,1,1,Doodles
8489,6,3.2299995,11.5,0.97,19.379997,1,1,Doodles
8349,7,3.495914285714286,11.33,0.905,24.471400000000003,1,1,Doodles
8476,102,4.047259607843137,13.0,1.358,412.82048,1,1,Doodles
8416,2,0.975,1.1,0.85,1.95,1,1,Doodles
8435,9,2.355811111111111,2.93,1.55,21.2023,1,1,Doodles
8511,5,8.89,19.0,1.2,44.45,1,1,Doodles
8350,3,5.8500000000000005,15.0,1.25,17.55,1,1,Doodles
8384,3,5.3,10.85,1.5,15.9,1,1,Doodles
8336,1,2.22,2.22,2.22,2.22,1,1,Doodles
8483,3,2.1333333333333333,3.8,1.15,6.4,1,1,Doodles
8430,5,9.53,15.95,1.2,47.65,1,1,Doodles
8299,1,0.75,0.75,0.75,0.75,1,1,Doodles
8501,3,1.4799999999999998,1.69,1.2,4.44,1,1,Doodles
8524,9,4.7880666666666665,14.5,1.189,43.0926,1,1,Doodles
8452,2,1.21,1.49,0.93,2.42,1,1,Doodles
8360,8,2.59665,2.899,1.1,20.7732,1,1,Doodles
8323,7,7.112142857142857,17.99,0.99,49.785,1,1,Doodles
8470,3,4.8234,5.7,3.87,14.4702,1,1,Doodles
8487,1,0.97,0.97,0.97,0.97,1,1,Doodles
8419,10,5.9303,22.9,0.9,59.303,1,1,Doodles
8526,17,3.048331823529412,12.97,1.19,51.821641,1,1,Doodles
8478,2,8.95,16.0,1.9,17.9,1,1,Doodles
8346,2,1.275,1.7,0.85,2.55,1,1,Doodles
8356,3,9.013333333333334,14.9,1.24,27.04,1,1,Doodles
8418,2,1.05,1.1,1.0,2.1,1,1,Doodles
8537,68,3.6419642647058814,14.2,1.2399,247.65357,1,1,Doodles
8312,7,15.628128571428572,44.0,4.0,109.3969,1,1,Doodles
8300,16,3.639,12.34,0.75,58.224,1,1,Doodles
8491,34,3.440355882352941,6.05,0.97,116.9721,1,1,Doodles
8407,2,7.745,14.49,1.0,15.49,1,1,Doodles
8341,2,1.8333,2.2,1.4666,3.6666,1,1,Doodles
8449,13,3.7580538461538464,16.8,0.479,48.8547,1,1,Doodles
8383,3,2.033333333333333,3.0,1.1,6.1,1,1,Doodles
8327,3,1.0416666666666667,1.285,0.74,3.125,1,1,Doodles
8427,5,3.95742,5.05,1.0,19.7871,1,1,Doodles
8506,7,2.518028571428572,3.6942,1.09,17.6262,1,1,Doodles
8447,8,1.610584875,3.297999,0.551,12.884679,1,1,Doodles
8307,19,4.608252631578947,19.75,1.25,87.5568,1,1,Doodles
8533,1,0.7969,0.7969,0.7969,0.7969,1,1,Doodles
8481,13,2.232873846153846,5.75,1.4888,29.02736,1,1,Doodles
8409,16,4.12047875,14.78,1.1,65.92766,1,1,Doodles
8457,12,1.746916666666667,2.89,0.8,20.963,1,1,Doodles
8396,1,1.21,1.21,1.21,1.21,1,1,Doodles
8372,5,4.159599999999999,16.7,0.84,20.798,1,1,Doodles
8314,7,2.4555714285714285,6.1,0.619,17.189,1,1,Doodles
8317,4,4.800775,13.8501,0.92,19.2031,1,1,Doodles
8455,2,1.465,1.6,1.33,2.93,1,1,Doodles
8397,23,4.006723478260869,23.5,1.0,92.15464,1,1,Doodles
8515,54,5.330555407407407,15.88,0.759993,287.849992,1,1,Doodles
8484,32,2.05295153125,9.74,0.41,65.694449,1,1,Doodles
8410,10,2.7977197,7.49,0.66,27.977197,1,1,Doodles
8347,14,4.481214214285714,14.0,1.2,62.736999,1,1,Doodles
8496,3,3.616333333333333,7.0,1.349,10.849,1,1,Doodles
8394,37,4.176701702702703,20.0,0.779,154.537963,1,1,Doodles
8473,2,5.390000000000001,6.9,3.88,10.78,1,1,Doodles
8448,1,1.99,1.99,1.99,1.99,1,1,Doodles
8523,18,4.177638833333333,5.17,1.14,75.197499,1,1,Doodles
8333,5,8.926,25.5,1.6,44.63,1,1,Doodles
8461,5,7.1122424,13.0,0.82,35.561212,1,1,Doodles
8224,0,0.0,0.0,0.0,0.0,0,0,Doodles
8155,1,0.965,0.965,0.965,0.965,1,1,Doodles
8096,11,3.2465090909090906,7.4269,1.645,35.7116,1,1,Doodles
8273,4,6.4874975,14.6,0.94999,25.94999,1,1,Doodles
8079,1,1.0,1.0,1.0,1.0,1,1,Doodles
8152,0,0.0,0.0,0.0,0.0,0,0,Doodles
8099,16,4.96918125,23.0,1.19,79.5069,1,1,Doodles
8126,8,5.3734875,27.0,0.721,42.9879,1,1,Doodles
8196,13,4.101615384615385,15.85,0.98,53.321,1,1,Doodles
8065,1,2.0,2.0,2.0,2.0,1,1,Doodles
8088,20,4.396050000000001,8.0,1.56,87.921,1,1,Doodles
8267,73,1.6777383424657533,7.29,1.1,122.474899,1,1,Doodles
8263,2,0.91875,0.9375,0.9,1.8375,1,1,Doodles
8131,1,1.99,1.99,1.99,1.99,1,1,Doodles
8296,10,2.41657,2.99,0.95,24.1657,1,1,Doodles
8286,23,4.37516347826087,18.48,0.85,100.62876,1,1,Doodles
8170,3,1.0665,1.1495,1.0,3.1995,1,1,Doodles
8298,1,2.2,2.2,2.2,2.2,1,1,Doodles
8175,15,4.532086666666667,7.9,0.88,67.9813,1,1,Doodles
8077,18,1.9603248333333336,7.8,0.86,35.285847000000004,1,1,Doodles
8280,1,0.749,0.749,0.749,0.749,1,1,Doodles
8123,6,7.534833333333334,13.75,0.99,45.209,1,1,Doodles
8239,4,1.7025,2.7,1.22,6.8100000000000005,1,1,Doodles
8242,11,3.851363545454545,6.5,1.09,42.364999,1,1,Doodles
8082,6,5.852916666666666,12.0,0.75,35.1175,1,1,Doodles
8197,20,1.866559,9.5,0.97,37.33118,1,1,Doodles
8291,14,3.981138,15.35,0.79,55.735932,1,1,Doodles
8223,0,0.0,0.0,0.0,0.0,0,0,Doodles
8094,1,42.69,42.69,42.69,42.69,1,1,Doodles
8163,11,1.689890909090909,3.645,1.25,18.5888,1,1,Doodles
8176,4,3.557475,7.2,0.7999,14.2299,1,1,Doodles
8257,9,5.590043777777778,20.55,2.45,50.310394,1,1,Doodles
8190,11,5.587272727272727,15.0,0.98,61.46,1,1,Doodles
8177,18,3.795161055555556,16.5,0.78,68.312899,1,1,Doodles
8165,18,1.475415,5.15,0.474,26.55747,1,1,Doodles
8289,0,0.0,0.0,0.0,0.0,0,0,Doodles
8101,1,1.0,1.0,1.0,1.0,1,1,Doodles
8293,3,16.666666666666668,40.0,5.0,50.0,1,1,Doodles
8295,5,3.9578,7.3,1.75,19.789,1,1,Doodles
8285,4,4.20725,12.5,1.18,16.829,1,1,Doodles
8205,9,3.538666555555556,12.9,0.85,31.847999,1,1,Doodles
8250,1,3.2,3.2,3.2,3.2,1,1,Doodles
8111,14,2.138471357142857,3.0,1.399,29.938599,1,1,Doodles
8231,4,6.97025,12.25,1.025,27.881,1,1,Doodles
8105,5,6.9799998,15.2,1.0,34.899999,1,1,Doodles
8168,5,8.11,15.5,1.1,40.55,1,1,Doodles
8109,8,2.0299875,2.66,1.1499,16.2399,1,1,Doodles
8098,4,6.2855,6.942,6.05,25.142,1,1,Doodles
8115,13,1.6652856153846154,3.7,0.85,21.648713,1,1,Doodles
8184,4,3.985,9.8,1.15,15.94,1,1,Doodles
8148,10,9.3998,24.87,1.13,93.998,1,1,Doodles
8139,11,3.2835454545454543,13.6,1.0,36.119,1,1,Doodles
8179,13,3.4045298461538462,8.6942,1.345,44.258888,1,1,Doodles
8260,40,4.0431025,15.0,0.85,161.7241,1,1,Doodles
8151,1,6.0,6.0,6.0,6.0,1,1,Doodles
8118,6,2.829166666666667,6.477,0.99,16.975,1,1,Doodles
8083,6,0.9563596666666666,1.696961,0.432,5.738157999999999,1,1,Doodles
8271,17,1.9450764705882355,5.0,0.397,33.0663,1,1,Doodles
8212,14,2.71635,24.9,0.399,38.0289,1,1,Doodles
8199,5,2.3298,4.2,0.969,11.649,1,1,Doodles
8258,8,6.046875,14.2,1.71,48.375,1,1,Doodles
8121,16,2.40113125,6.19,0.95,38.4181,1,1,Doodles
8229,15,4.416333333333333,16.5,0.879,66.245,1,1,Doodles
8173,11,3.018888636363636,6.6,1.3,33.207775,1,1,Doodles
8282,2,1.244,1.4,1.088,2.488,1,1,Doodles
8195,12,5.234983333333333,14.9,1.2,62.8198,1,1,Doodles
8103,1,0.8,0.8,0.8,0.8,1,1,Doodles
8084,1,1.389,1.389,1.389,1.389,1,1,Doodles
8217,2,0.912,0.975,0.849,1.824,1,1,Doodles
8149,2,1.783,1.9,1.666,3.566,1,1,Doodles
8219,5,2.3758,6.5,0.449,11.879,1,1,Doodles
8232,1,1.2375,1.2375,1.2375,1.2375,1,1,Doodles
8071,19,3.385257894736842,15.5,0.81,64.3199,1,1,Doodles
8279,4,9.6995,19.688,1.11,38.798,1,1,Doodles
8227,0,0.0,0.0,0.0,0.0,0,0,Doodles
8209,4,8.25,16.0,0.87,33.0,1,1,Doodles
8246,13,5.232615384615385,22.0,0.8,68.024,1,1,Doodles
8207,27,3.0238637037037037,3.94,0.9,81.64432,1,1,Doodles
8145,18,3.031222222222222,6.45,1.05,54.562,1,1,Doodles
8127,3,2.0766666666666667,3.2,1.11,6.23,1,1,Doodles
8266,9,0.5897666666666667,1.3969,0.42,5.3079,1,1,Doodles
8208,4,4.2675,10.31,0.85,17.07,1,1,Doodles
8185,4,2.0625,3.9,0.85,8.25,1,1,Doodles
8090,4,2.275,2.54,1.8,9.1,1,1,Doodles
8070,3,0.8933300000000001,1.0,0.77999,2.67999,1,1,Doodles
8143,10,1.99249,3.34,1.299,19.9249,1,1,Doodles
8182,6,4.954483333333333,15.0,0.7869,29.7269,1,1,Doodles
8187,8,1.767875,5.59,0.848,14.143,1,1,Doodles
8297,8,5.16,16.0,1.05,41.28,1,1,Doodles
8141,1,1.2,1.2,1.2,1.2,1,1,Doodles
8078,23,1.7147326086956522,6.19,0.755,39.43885,1,1,Doodles
8095,2,2.47295,3.999,0.9469,4.9459,1,1,Doodles
8138,26,3.535510846153846,18.0,0.723,91.923282,1,1,Doodles
8221,18,1.5503833333333334,4.96,0.474,27.9069,1,1,Doodles
8243,30,6.008392333333333,15.0,0.96,180.25177,1,1,Doodles
8108,10,4.8870000000000005,5.94,1.0,48.870000000000005,1,1,Doodles
8213,18,2.316372055555556,3.2299,0.7998,41.694697,1,1,Doodles
8218,3,1.8333333333333333,3.1,1.15,5.5,1,1,Doodles
8136,5,7.221999999999999,16.0,1.15,36.11,1,1,Doodles
8081,1,0.75,0.75,0.75,0.75,1,1,Doodles
8191,6,9.505,25.0,1.59,57.03,1,1,Doodles
8189,10,2.49227,4.2,1.45,24.9227,1,1,Doodles
8174,12,1.81509975,3.354897,0.95,21.781197,1,1,Doodles
8067,18,3.5663555,5.59,0.9,64.194399,1,1,Doodles
8183,3,2.6333333333333333,3.77,1.33,7.9,1,1,Doodles
8292,3,9.326666666666666,16.0,1.6,27.98,1,1,Doodles
8281,17,2.92238494117647,10.0,0.3798,49.680544,1,1,Doodles
8162,5,5.7258,11.0,1.349,28.629,1,1,Doodles
8211,3,1.93,3.4,0.99,5.79,1,1,Doodles
8220,1,1.1,1.1,1.1,1.1,1,1,Doodles
8097,36,5.132397222222222,21.4,1.45,184.7663,1,1,Doodles
8159,2,0.965,0.99,0.94,1.93,1,1,Doodles
8135,4,2.51,6.89,0.9,10.04,1,1,Doodles
8073,10,3.71965,7.8231,0.95,37.1965,1,1,Doodles
8206,19,5.3789,21.0,0.85,102.1991,1,1,Doodles
8113,4,2.8425,6.5,1.49,11.37,1,1,Doodles
8146,7,2.1661428571428574,3.5,1.15,15.163,1,1,Doodles
8275,3,4.363333333333333,8.99,1.6,13.09,1,1,Doodles
8269,20,2.61315945,15.5,0.373,52.263189,1,1,Doodles
8203,10,4.756099900000001,15.4,0.92,47.560999,1,1,Doodles
8110,10,5.7719296,25.0,1.288,57.719296,1,1,Doodles
8089,4,5.285,14.0,0.96,21.14,1,1,Doodles
8270,2,13.34845,17.0,9.6969,26.6969,1,1,Doodles
8144,13,1.8796538461538463,2.35,1.2,24.4355,1,1,Doodles
8068,5,4.65,8.5,1.5,23.25,1,1,Doodles
8253,28,2.9339354642857143,13.5,0.97,82.150193,1,1,Doodles
8164,1,1.19,1.19,1.19,1.19,1,1,Doodles
8261,11,3.8967271818181817,14.5,0.42,42.863999,1,1,Doodles
8106,3,9.026666666666666,23.99,1.5,27.08,1,1,Doodles
8222,6,4.9615,13.19,1.1,29.769,1,1,Doodles
8188,4,10.84175,29.0,1.777,43.367,1,1,Doodles
8294,19,4.520836842105263,6.799,0.9,85.8959,1,1,Doodles
8069,2,1.595,1.69,1.5,3.19,1,1,Doodles
8092,10,4.418329999999999,7.55,1.19,44.1833,1,1,Doodles
8093,3,5.651666666666666,14.5,0.965,16.955,1,1,Doodles
8147,7,1.6247,3.6,0.77,11.3729,1,1,Doodles
8066,2,1.785,2.77,0.8,3.5700000000000003,1,1,Doodles
8167,5,2.8672986000000003,6.399,1.0,14.336493,1,1,Doodles
8166,7,3.2192857142857143,5.69,1.0,22.535,1,1,Doodles
8225,0,0.0,0.0,0.0,0.0,0,0,Doodles
8210,24,4.4210875,14.99,0.97,106.1061,1,1,Doodles
8247,8,2.49875,3.22,0.83,19.99,1,1,Doodles
8107,8,8.5548875,13.65,1.0,68.4391,1,1,Doodles
8201,3,21.33,36.0,9.99,63.99,1,1,Doodles
8215,2,1.9695,2.369,1.57,3.939,1,1,Doodles
8230,5,1.3308,1.83,0.949,6.654,1,1,Doodles
8241,3,5.07,8.0,1.09,15.21,1,1,Doodles
8129,36,3.533013527777777,12.7,1.1,127.188487,1,1,Doodles
8157,3,4.806666666666667,12.0,0.93,14.42,1,1,Doodles
8062,1,0.825,0.825,0.825,0.825,1,1,Doodles
8063,3,0.874333,0.896999,0.85,2.622999,1,1,Doodles
8076,2,9.3295,17.69,0.969,18.659,1,1,Doodles
8156,5,5.893800000000001,14.75,0.82,29.469,1,1,Doodles
8124,4,2.7125,3.5,1.2,10.85,1,1,Doodles
8100,19,2.9980494736842105,10.99,0.5,56.96294,1,1,Doodles
8278,2,1.2975,1.595,1.0,2.595,1,1,Doodles
8158,27,3.111642555555556,13.99,0.472,84.014349,1,1,Doodles
8255,2,10.0,15.0,5.0,20.0,1,1,Doodles
8245,2,1.425,1.6,1.25,2.85,1,1,Doodles
8214,3,4.196666666666666,7.99,1.1,12.59,1,1,Doodles
8233,1,1.2,1.2,1.2,1.2,1,1,Doodles
8284,45,5.576324444444444,16.9,1.18,250.9346,1,1,Doodles
8171,3,1.0933333333333335,1.29,0.9,3.28,1,1,Doodles
8072,45,4.683379333333334,7.23,0.964,210.75207,1,1,Doodles
8283,36,3.846405555555555,6.5,0.843,138.4706,1,1,Doodles
8226,0,0.0,0.0,0.0,0.0,0,0,Doodles
8130,2,8.854999999999999,16.22,1.49,17.709999999999997,1,1,Doodles
8104,7,4.591428571428572,7.5,1.1,32.14,1,1,Doodles
8137,5,3.2068,8.0,1.5,16.034,1,1,Doodles
8252,4,5.82,8.5,1.08,23.28,1,1,Doodles
8248,21,4.381985190476191,6.5,1.15,92.021689,1,1,Doodles
8272,8,3.85475,9.6,1.099,30.838,1,1,Doodles
8133,34,4.28153544117647,8.7,0.89,145.572205,1,1,Doodles
8276,28,3.3429214285714286,5.17,1.03,93.6018,1,1,Doodles
8091,27,3.974948148148148,13.0,1.19,107.3236,1,1,Doodles
8290,21,3.5827857142857145,14.9,0.714,75.2385,1,1,Doodles
8160,1,0.95,0.95,0.95,0.95,1,1,Doodles
8264,14,3.073892857142857,7.42,0.85,43.0345,1,1,Doodles
8075,19,4.654694736842106,16.0,1.15,88.4392,1,1,Doodles
8244,2,3.0885,3.677,2.5,6.177,1,1,Doodles
8116,7,10.152142857142858,14.6,1.385,71.065,1,1,Doodles
8181,27,3.2858555185185185,9.8,1.08,88.718099,1,1,Doodles
8169,2,3.4,5.5,1.3,6.8,1,1,Doodles
8086,5,4.3580000000000005,18.0,0.53,21.790000000000003,1,1,Doodles
8132,2,1.87,2.85,0.89,3.74,1,1,Doodles
8240,3,4.923,11.9,1.139,14.769,1,1,Doodles
8085,31,3.869217741935484,18.4,1.52,119.94575,1,1,Doodles
8114,28,3.604020321428572,22.0,0.49181,100.912569,1,1,Doodles
8256,25,6.286964,14.79,2.25,157.1741,1,1,Doodles
8178,18,4.234205555555556,13.0,1.41,76.2157,1,1,Doodles
8142,35,4.132028571428572,13.88,0.425,144.621,1,1,Doodles
8202,4,2.456575,4.49,0.6,9.8263,1,1,Doodles
8194,4,0.8441,1.2,0.584,3.3764,1,1,Doodles
8117,11,2.042490818181818,4.198,0.99,22.467399,1,1,Doodles
8186,2,2.3489,3.569,1.1288,4.6978,1,1,Doodles
8087,3,1.86,2.69,1.05,5.58,1,1,Doodles
8140,26,1.951056153846154,8.8,0.561,50.72746,1,1,Doodles
8154,0,0.0,0.0,0.0,0.0,0,0,Doodles
8237,4,1.755,2.98,1.2,7.02,1,1,Doodles
8287,26,3.7018615384615385,7.4384,1.18,96.2484,1,1,Doodles
8274,17,4.548117647058824,19.0,1.29,77.318,1,1,Doodles
8198,40,2.624384025,22.99,0.448,104.975361,1,1,Doodles
8249,13,4.574953846153846,13.95,0.779,59.4744,1,1,Doodles
8236,7,1.8884427142857143,2.95,1.5,13.219099,1,1,Doodles
8074,3,7.7,9.5,6.75,23.1,1,1,Doodles
8193,14,2.3619885714285718,4.4,0.972,33.06784,1,1,Doodles
8251,3,5.206666666666666,7.77,1.6,15.62,1,1,Doodles
8192,2,8.245,15.0,1.49,16.49,1,1,Doodles
8262,2,2.525,4.05,1.0,5.05,1,1,Doodles
8120,15,3.5810166666666663,15.79165,0.871,53.71525,1,1,Doodles
8180,17,4.01469411764706,18.0,0.369,68.24980000000001,1,1,Doodles
8102,8,6.50578125,11.5,1.0,52.04625,1,1,Doodles
8259,10,1.80764,4.0,0.995,18.0764,1,1,Doodles
8172,3,1.9310333333333332,3.43,0.8331,5.7931,1,1,Doodles
8134,2,0.95,0.95,0.95,1.9,1,1,Doodles
8204,11,6.459090909090909,9.0,1.25,71.05,1,1,Doodles
8161,16,5.8152373125,16.84,0.988,93.043797,1,1,Doodles
8080,1,1.0,1.0,1.0,1.0,1,1,Doodles
8277,2,11.495,18.8,4.19,22.99,1,1,Doodles
8112,5,2.170777,2.47,1.344,10.853885,1,1,Doodles
8150,0,0.0,0.0,0.0,0.0,0,0,Doodles
8122,8,5.186,24.99,1.08,41.488,1,1,Doodles
8254,1,1.1,1.1,1.1,1.1,1,1,Doodles
8235,1,1.2,1.2,1.2,1.2,1,1,Doodles
8288,25,3.5014632,11.9,0.95,87.53658,1,1,Doodles
8064,24,5.003983166666667,13.49,0.85,120.095596,1,1,Doodles
8216,11,6.348272727272728,15.5,0.886,69.831,1,1,Doodles
8200,2,1.145,1.3,0.99,2.29,1,1,Doodles
8268,1,1.1,1.1,1.1,1.1,1,1,Doodles
8119,11,2.024509090909091,7.0,0.75,22.2696,1,1,Doodles
8228,28,3.964367857142857,11.65,1.1375,111.0023,1,1,Doodles
8153,0,0.0,0.0,0.0,0.0,0,0,Doodles
8265,19,4.071105263157895,5.07,0.85,77.351,1,1,Doodles
8128,31,2.060126806451613,4.85,1.08,63.863931,1,1,Doodles
8238,7,8.905714285714286,17.0,0.76,62.34,1,1,Doodles
8234,11,8.321354545454545,17.9,1.2,91.5349,1,1,Doodles
8125,36,2.042482777777778,7.16,0.99638,73.52938,1,1,Doodles
7848,3,1.1466666666666667,1.74,0.8,3.44,1,1,Doodles
7845,4,2.31325,4.4,1.19,9.253,1,1,Doodles
8019,25,3.6032218,14.98,0.471652,90.080545,1,1,Doodles
7930,4,5.1875,9.9,1.49,20.75,1,1,Doodles
8011,4,2.585,3.95,0.99,10.34,1,1,Doodles
8016,34,4.705124088235294,11.2,1.1899,159.974219,1,1,Doodles
7937,2,1.7687499999999998,2.32,1.2175,3.5375,1,1,Doodles
7892,20,1.54465305,3.29,0.96,30.893061,1,1,Doodles
7948,3,3.689333333333333,4.67,1.8,11.068,1,1,Doodles
7965,1,1.32,1.32,1.32,1.32,1,1,Doodles
7857,9,4.760000000000001,7.39,1.19,42.84,1,1,Doodles
7985,1,1.3,1.3,1.3,1.3,1,1,Doodles
8003,46,4.80940152173913,16.9,0.745,221.23247,1,1,Doodles
8034,31,3.8739,13.5,1.19,120.0909,1,1,Doodles
7986,3,4.266666666666667,7.85,1.35,12.8,1,1,Doodles
7993,3,1.5633,2.1,1.1899,4.6899,1,1,Doodles
8032,11,3.7103,6.45,1.099,40.8133,1,1,Doodles
8057,24,4.975216666666666,10.0,0.92,119.4052,1,1,Doodles
7943,1,0.99,0.99,0.99,0.99,1,1,Doodles
7898,48,5.4566437500000005,23.0,1.0,261.9189,1,1,Doodles
7903,25,3.99744,6.769,0.9,99.936,1,1,Doodles
7984,36,5.103448305555556,7.06,1.03,183.724139,1,1,Doodles
7917,3,13.406666666666666,30.0,4.22,40.22,1,1,Doodles
8054,2,3.25,3.5,3.0,6.5,1,1,Doodles
7835,3,2.146333333333333,3.69,1.149,6.439,1,1,Doodles
7950,1,1.69,1.69,1.69,1.69,1,1,Doodles
7914,2,1.6084999999999998,1.92,1.297,3.217,1,1,Doodles
8025,10,4.58908,19.45,0.94,45.8908,1,1,Doodles
7960,2,1.02395,1.1,0.9479,2.0479000000000003,1,1,Doodles
7841,22,3.5746441363636365,16.5,0.99709,78.642171,1,1,Doodles
8013,4,6.3175,9.98,1.29,25.27,1,1,Doodles
7913,0,0.0,0.0,0.0,0.0,0,0,Doodles
8043,9,4.086309888888889,11.0,1.13,36.776789,1,1,Doodles
8047,27,2.8889212962962967,18.0,0.449888,78.00087500000001,1,1,Doodles
8027,8,4.8183625,16.0,1.5,38.5469,1,1,Doodles
7962,3,3.9766666666666666,9.8,0.93,11.93,1,1,Doodles
8014,3,2.4710666666666667,2.7777,2.2,7.4132,1,1,Doodles
7919,2,3.545,3.6,3.49,7.09,1,1,Doodles
7882,21,5.479680952380953,9.2,0.9069,115.0733,1,1,Doodles
7922,1,7.4,7.4,7.4,7.4,1,1,Doodles
7862,1,3.5,3.5,3.5,3.5,1,1,Doodles
7891,2,3.295,5.49,1.1,6.59,1,1,Doodles
7973,4,3.277175,7.75,1.09,13.1087,1,1,Doodles
7886,2,10.98555,15.7111,6.26,21.9711,1,1,Doodles
7975,13,1.3225537692307692,2.0479,0.97,17.193199,1,1,Doodles
7899,11,3.9428727272727273,20.0,0.488,43.3716,1,1,Doodles
7929,7,4.431442857142857,7.68,0.95,31.0201,1,1,Doodles
7971,40,2.88466625,3.82,1.5,115.38665,1,1,Doodles
7885,1,2.69,2.69,2.69,2.69,1,1,Doodles
7939,9,2.9486666666666665,13.5,0.83,26.538,1,1,Doodles
7949,14,2.8902036428571427,8.0454,1.64,40.462851,1,1,Doodles
7890,3,2.4166666666666665,4.0,1.0,7.25,1,1,Doodles
7969,2,18.65,36.0,1.3,37.3,1,1,Doodles
7878,18,3.9482672222222224,9.7297,1.3,71.06881,1,1,Doodles
7872,9,8.644777777777778,22.88,0.85,77.803,1,1,Doodles
8053,5,10.39,23.9,0.55,51.95,1,1,Doodles
7994,7,2.2083855714285714,6.7236,1.11,15.458699,1,1,Doodles
7941,2,2.6710000000000003,4.4,0.942,5.3420000000000005,1,1,Doodles
7877,3,5.1963333333333335,13.15,1.15,15.589,1,1,Doodles
7934,3,2.296333333333333,3.969,1.15,6.888999999999999,1,1,Doodles
7968,10,10.803,25.1,1.2,108.03,1,1,Doodles
7861,30,2.669807533333333,3.99,1.19,80.094226,1,1,Doodles
7912,10,3.728800000000001,6.72,1.1,37.288,1,1,Doodles
7851,7,6.295714285714285,12.0,0.9,44.07,1,1,Doodles
7906,2,1.4,1.5,1.3,2.8,1,1,Doodles
7951,4,13.975825,33.3333,4.69,55.9033,1,1,Doodles
7915,1,25.0,25.0,25.0,25.0,1,1,Doodles
8010,14,2.8466,4.659,0.95,39.8524,1,1,Doodles
7909,18,2.2806777777777776,9.98,1.1,41.0522,1,1,Doodles
7839,2,1.895,2.49,1.3,3.79,1,1,Doodles
7924,5,1.5827198,1.915,1.14,7.913599,1,1,Doodles
7843,2,0.91495,0.9899,0.84,1.8299,1,1,Doodles
7953,1,1.4269,1.4269,1.4269,1.4269,1,1,Doodles
7876,29,2.0361275862068964,7.0,0.939,59.0477,1,1,Doodles
7855,44,4.7861170227272725,6.95,0.99,210.589149,1,1,Doodles
8031,1,1.099,1.099,1.099,1.099,1,1,Doodles
8040,3,5.553333333333334,14.5,1.07,16.66,1,1,Doodles
7931,30,3.1035616333333333,4.62,1.15,93.106849,1,1,Doodles
7967,67,4.639594925373134,13.65,0.8,310.85286,1,1,Doodles
7871,3,1.285591,1.39,1.1,3.856773,1,1,Doodles
7945,2,1.74,2.5,0.98,3.48,1,1,Doodles
8026,19,2.931327368421053,9.69,0.62,55.69522,1,1,Doodles
7866,8,3.61772375,13.2,0.96,28.94179,1,1,Doodles
7932,4,5.0375,13.75,1.15,20.15,1,1,Doodles
7884,9,3.009011111111111,7.7,1.1111,27.0811,1,1,Doodles
7846,6,2.890833333333333,8.0,0.9,17.345,1,1,Doodles
7849,30,2.5913552,15.5,0.46,77.740656,1,1,Doodles
7907,1,2.2,2.2,2.2,2.2,1,1,Doodles
7859,2,5.945,8.69,3.2,11.89,1,1,Doodles
7952,14,3.3544241428571437,6.5075,0.73,46.961938,1,1,Doodles
8004,16,1.4015249375,1.7,0.85,22.424399,1,1,Doodles
8028,4,3.3975,8.6,1.4,13.59,1,1,Doodles
7844,4,4.74,16.0,0.88,18.96,1,1,Doodles
7970,6,2.73495,9.8,0.79,16.4097,1,1,Doodles
7902,2,1.345,1.5,1.19,2.69,1,1,Doodles
7972,3,6.163,13.64,1.049,18.489,1,1,Doodles
7957,8,4.8243375,9.9,1.5,38.5947,1,1,Doodles
7955,1,1.199,1.199,1.199,1.199,1,1,Doodles
7852,5,7.6268,16.0,0.834,38.134,1,1,Doodles
7888,7,1.1071428571428572,1.55,0.969,7.75,1,1,Doodles
7927,9,4.123222222222222,9.54,1.289,37.109,1,1,Doodles
7868,8,2.0475,5.0,1.15,16.38,1,1,Doodles
8015,3,4.709966666666667,11.39,1.1899,14.1299,1,1,Doodles
7997,2,1.41,1.83,0.99,2.8200000000000003,1,1,Doodles
7842,3,4.233333333333333,9.8,1.3,12.7,1,1,Doodles
7883,2,3.025,5.0,1.05,6.05,1,1,Doodles
