identifier,transaction_count,avg_price_eth,max_price_eth,min_price_eth,total_volume_eth,unique_buyers,unique_sellers,collection
9989,0,0.0,0.0,0.0,0.0,0,0,BAYC
9983,0,0.0,0.0,0.0,0.0,0,0,BAYC
9966,0,0.0,0.0,0.0,0.0,0,0,BAYC
9972,0,0.0,0.0,0.0,0.0,0,0,BAYC
9984,0,0.0,0.0,0.0,0.0,0,0,BAYC
9985,0,0.0,0.0,0.0,0.0,0,0,BAYC
9967,0,0.0,0.0,0.0,0.0,0,0,BAYC
9996,0,0.0,0.0,0.0,0.0,0,0,BAYC
9969,0,0.0,0.0,0.0,0.0,0,0,BAYC
9978,0,0.0,0.0,0.0,0.0,0,0,BAYC
9987,0,0.0,0.0,0.0,0.0,0,0,BAYC
9980,0,0.0,0.0,0.0,0.0,0,0,BAYC
9973,0,0.0,0.0,0.0,0.0,0,0,BAYC
9965,0,0.0,0.0,0.0,0.0,0,0,BAYC
9992,0,0.0,0.0,0.0,0.0,0,0,BAYC
9981,0,0.0,0.0,0.0,0.0,0,0,BAYC
9995,0,0.0,0.0,0.0,0.0,0,0,BAYC
9982,0,0.0,0.0,0.0,0.0,0,0,BAYC
9999,0,0.0,0.0,0.0,0.0,0,0,BAYC
9993,0,0.0,0.0,0.0,0.0,0,0,BAYC
9990,0,0.0,0.0,0.0,0.0,0,0,BAYC
9975,0,0.0,0.0,0.0,0.0,0,0,BAYC
9976,0,0.0,0.0,0.0,0.0,0,0,BAYC
9974,0,0.0,0.0,0.0,0.0,0,0,BAYC
9986,0,0.0,0.0,0.0,0.0,0,0,BAYC
9970,0,0.0,0.0,0.0,0.0,0,0,BAYC
9998,0,0.0,0.0,0.0,0.0,0,0,BAYC
9979,0,0.0,0.0,0.0,0.0,0,0,BAYC
9994,0,0.0,0.0,0.0,0.0,0,0,BAYC
9988,0,0.0,0.0,0.0,0.0,0,0,BAYC
9997,0,0.0,0.0,0.0,0.0,0,0,BAYC
9968,0,0.0,0.0,0.0,0.0,0,0,BAYC
9991,0,0.0,0.0,0.0,0.0,0,0,BAYC
9977,0,0.0,0.0,0.0,0.0,0,0,BAYC
9971,0,0.0,0.0,0.0,0.0,0,0,BAYC
9956,0,0.0,0.0,0.0,0.0,0,0,BAYC
9930,0,0.0,0.0,0.0,0.0,0,0,BAYC
9934,0,0.0,0.0,0.0,0.0,0,0,BAYC
9915,0,0.0,0.0,0.0,0.0,0,0,BAYC
9958,0,0.0,0.0,0.0,0.0,0,0,BAYC
9943,0,0.0,0.0,0.0,0.0,0,0,BAYC
9961,0,0.0,0.0,0.0,0.0,0,0,BAYC
9921,0,0.0,0.0,0.0,0.0,0,0,BAYC
9935,0,0.0,0.0,0.0,0.0,0,0,BAYC
9925,0,0.0,0.0,0.0,0.0,0,0,BAYC
9954,0,0.0,0.0,0.0,0.0,0,0,BAYC
9913,0,0.0,0.0,0.0,0.0,0,0,BAYC
9922,0,0.0,0.0,0.0,0.0,0,0,BAYC
9963,0,0.0,0.0,0.0,0.0,0,0,BAYC
9936,0,0.0,0.0,0.0,0.0,0,0,BAYC
9946,0,0.0,0.0,0.0,0.0,0,0,BAYC
9910,0,0.0,0.0,0.0,0.0,0,0,BAYC
9944,0,0.0,0.0,0.0,0.0,0,0,BAYC
9909,0,0.0,0.0,0.0,0.0,0,0,BAYC
9928,0,0.0,0.0,0.0,0.0,0,0,BAYC
9932,0,0.0,0.0,0.0,0.0,0,0,BAYC
9938,0,0.0,0.0,0.0,0.0,0,0,BAYC
9951,0,0.0,0.0,0.0,0.0,0,0,BAYC
9911,0,0.0,0.0,0.0,0.0,0,0,BAYC
9919,0,0.0,0.0,0.0,0.0,0,0,BAYC
9942,0,0.0,0.0,0.0,0.0,0,0,BAYC
9908,0,0.0,0.0,0.0,0.0,0,0,BAYC
9940,0,0.0,0.0,0.0,0.0,0,0,BAYC
9941,0,0.0,0.0,0.0,0.0,0,0,BAYC
9953,0,0.0,0.0,0.0,0.0,0,0,BAYC
9920,0,0.0,0.0,0.0,0.0,0,0,BAYC
9947,0,0.0,0.0,0.0,0.0,0,0,BAYC
9952,0,0.0,0.0,0.0,0.0,0,0,BAYC
9955,0,0.0,0.0,0.0,0.0,0,0,BAYC
9912,0,0.0,0.0,0.0,0.0,0,0,BAYC
9916,0,0.0,0.0,0.0,0.0,0,0,BAYC
9964,0,0.0,0.0,0.0,0.0,0,0,BAYC
9933,0,0.0,0.0,0.0,0.0,0,0,BAYC
9923,0,0.0,0.0,0.0,0.0,0,0,BAYC
9957,0,0.0,0.0,0.0,0.0,0,0,BAYC
9924,0,0.0,0.0,0.0,0.0,0,0,BAYC
9950,0,0.0,0.0,0.0,0.0,0,0,BAYC
9929,0,0.0,0.0,0.0,0.0,0,0,BAYC
9939,0,0.0,0.0,0.0,0.0,0,0,BAYC
9948,0,0.0,0.0,0.0,0.0,0,0,BAYC
9962,0,0.0,0.0,0.0,0.0,0,0,BAYC
9960,0,0.0,0.0,0.0,0.0,0,0,BAYC
9937,0,0.0,0.0,0.0,0.0,0,0,BAYC
9926,0,0.0,0.0,0.0,0.0,0,0,BAYC
9931,0,0.0,0.0,0.0,0.0,0,0,BAYC
9949,0,0.0,0.0,0.0,0.0,0,0,BAYC
9927,0,0.0,0.0,0.0,0.0,0,0,BAYC
9945,0,0.0,0.0,0.0,0.0,0,0,BAYC
9959,0,0.0,0.0,0.0,0.0,0,0,BAYC
9918,0,0.0,0.0,0.0,0.0,0,0,BAYC
9914,0,0.0,0.0,0.0,0.0,0,0,BAYC
9917,0,0.0,0.0,0.0,0.0,0,0,BAYC
9872,0,0.0,0.0,0.0,0.0,0,0,BAYC
9888,0,0.0,0.0,0.0,0.0,0,0,BAYC
9903,0,0.0,0.0,0.0,0.0,0,0,BAYC
9871,0,0.0,0.0,0.0,0.0,0,0,BAYC
9886,0,0.0,0.0,0.0,0.0,0,0,BAYC
9875,0,0.0,0.0,0.0,0.0,0,0,BAYC
9873,0,0.0,0.0,0.0,0.0,0,0,BAYC
9890,0,0.0,0.0,0.0,0.0,0,0,BAYC
9889,0,0.0,0.0,0.0,0.0,0,0,BAYC
9866,0,0.0,0.0,0.0,0.0,0,0,BAYC
9885,0,0.0,0.0,0.0,0.0,0,0,BAYC
9904,0,0.0,0.0,0.0,0.0,0,0,BAYC
9898,0,0.0,0.0,0.0,0.0,0,0,BAYC
9870,0,0.0,0.0,0.0,0.0,0,0,BAYC
9874,0,0.0,0.0,0.0,0.0,0,0,BAYC
9882,0,0.0,0.0,0.0,0.0,0,0,BAYC
9867,0,0.0,0.0,0.0,0.0,0,0,BAYC
9880,0,0.0,0.0,0.0,0.0,0,0,BAYC
9895,0,0.0,0.0,0.0,0.0,0,0,BAYC
9879,0,0.0,0.0,0.0,0.0,0,0,BAYC
9906,0,0.0,0.0,0.0,0.0,0,0,BAYC
9896,0,0.0,0.0,0.0,0.0,0,0,BAYC
9892,0,0.0,0.0,0.0,0.0,0,0,BAYC
9884,0,0.0,0.0,0.0,0.0,0,0,BAYC
9905,0,0.0,0.0,0.0,0.0,0,0,BAYC
9893,0,0.0,0.0,0.0,0.0,0,0,BAYC
9894,0,0.0,0.0,0.0,0.0,0,0,BAYC
9891,0,0.0,0.0,0.0,0.0,0,0,BAYC
9865,0,0.0,0.0,0.0,0.0,0,0,BAYC
9907,0,0.0,0.0,0.0,0.0,0,0,BAYC
9877,0,0.0,0.0,0.0,0.0,0,0,BAYC
9868,0,0.0,0.0,0.0,0.0,0,0,BAYC
9902,0,0.0,0.0,0.0,0.0,0,0,BAYC
9876,0,0.0,0.0,0.0,0.0,0,0,BAYC
9881,0,0.0,0.0,0.0,0.0,0,0,BAYC
9887,0,0.0,0.0,0.0,0.0,0,0,BAYC
9899,0,0.0,0.0,0.0,0.0,0,0,BAYC
9897,0,0.0,0.0,0.0,0.0,0,0,BAYC
9869,0,0.0,0.0,0.0,0.0,0,0,BAYC
9900,0,0.0,0.0,0.0,0.0,0,0,BAYC
9901,0,0.0,0.0,0.0,0.0,0,0,BAYC
9878,0,0.0,0.0,0.0,0.0,0,0,BAYC
9883,0,0.0,0.0,0.0,0.0,0,0,BAYC
9832,0,0.0,0.0,0.0,0.0,0,0,BAYC
9824,0,0.0,0.0,0.0,0.0,0,0,BAYC
9826,0,0.0,0.0,0.0,0.0,0,0,BAYC
9828,0,0.0,0.0,0.0,0.0,0,0,BAYC
9836,0,0.0,0.0,0.0,0.0,0,0,BAYC
9847,0,0.0,0.0,0.0,0.0,0,0,BAYC
9864,0,0.0,0.0,0.0,0.0,0,0,BAYC
9831,0,0.0,0.0,0.0,0.0,0,0,BAYC
9859,0,0.0,0.0,0.0,0.0,0,0,BAYC
9838,0,0.0,0.0,0.0,0.0,0,0,BAYC
9845,0,0.0,0.0,0.0,0.0,0,0,BAYC
9857,0,0.0,0.0,0.0,0.0,0,0,BAYC
9830,0,0.0,0.0,0.0,0.0,0,0,BAYC
9848,0,0.0,0.0,0.0,0.0,0,0,BAYC
9862,0,0.0,0.0,0.0,0.0,0,0,BAYC
9860,0,0.0,0.0,0.0,0.0,0,0,BAYC
9851,0,0.0,0.0,0.0,0.0,0,0,BAYC
9823,0,0.0,0.0,0.0,0.0,0,0,BAYC
9833,0,0.0,0.0,0.0,0.0,0,0,BAYC
9856,0,0.0,0.0,0.0,0.0,0,0,BAYC
9846,0,0.0,0.0,0.0,0.0,0,0,BAYC
9837,0,0.0,0.0,0.0,0.0,0,0,BAYC
9858,0,0.0,0.0,0.0,0.0,0,0,BAYC
9853,0,0.0,0.0,0.0,0.0,0,0,BAYC
9850,0,0.0,0.0,0.0,0.0,0,0,BAYC
9840,0,0.0,0.0,0.0,0.0,0,0,BAYC
9829,0,0.0,0.0,0.0,0.0,0,0,BAYC
9825,0,0.0,0.0,0.0,0.0,0,0,BAYC
9827,0,0.0,0.0,0.0,0.0,0,0,BAYC
9852,0,0.0,0.0,0.0,0.0,0,0,BAYC
9834,0,0.0,0.0,0.0,0.0,0,0,BAYC
9861,0,0.0,0.0,0.0,0.0,0,0,BAYC
9844,0,0.0,0.0,0.0,0.0,0,0,BAYC
9841,0,0.0,0.0,0.0,0.0,0,0,BAYC
9835,0,0.0,0.0,0.0,0.0,0,0,BAYC
9855,0,0.0,0.0,0.0,0.0,0,0,BAYC
9842,0,0.0,0.0,0.0,0.0,0,0,BAYC
9849,0,0.0,0.0,0.0,0.0,0,0,BAYC
9863,0,0.0,0.0,0.0,0.0,0,0,BAYC
9839,0,0.0,0.0,0.0,0.0,0,0,BAYC
9843,0,0.0,0.0,0.0,0.0,0,0,BAYC
9854,0,0.0,0.0,0.0,0.0,0,0,BAYC
9796,0,0.0,0.0,0.0,0.0,0,0,BAYC
9813,0,0.0,0.0,0.0,0.0,0,0,BAYC
9811,0,0.0,0.0,0.0,0.0,0,0,BAYC
9800,0,0.0,0.0,0.0,0.0,0,0,BAYC
9812,0,0.0,0.0,0.0,0.0,0,0,BAYC
9791,0,0.0,0.0,0.0,0.0,0,0,BAYC
9806,0,0.0,0.0,0.0,0.0,0,0,BAYC
9810,0,0.0,0.0,0.0,0.0,0,0,BAYC
9792,0,0.0,0.0,0.0,0.0,0,0,BAYC
9789,0,0.0,0.0,0.0,0.0,0,0,BAYC
9808,0,0.0,0.0,0.0,0.0,0,0,BAYC
9790,0,0.0,0.0,0.0,0.0,0,0,BAYC
9785,0,0.0,0.0,0.0,0.0,0,0,BAYC
9798,0,0.0,0.0,0.0,0.0,0,0,BAYC
9818,0,0.0,0.0,0.0,0.0,0,0,BAYC
9799,0,0.0,0.0,0.0,0.0,0,0,BAYC
9794,0,0.0,0.0,0.0,0.0,0,0,BAYC
9815,0,0.0,0.0,0.0,0.0,0,0,BAYC
9816,0,0.0,0.0,0.0,0.0,0,0,BAYC
9797,0,0.0,0.0,0.0,0.0,0,0,BAYC
9787,0,0.0,0.0,0.0,0.0,0,0,BAYC
9817,0,0.0,0.0,0.0,0.0,0,0,BAYC
9795,0,0.0,0.0,0.0,0.0,0,0,BAYC
9801,0,0.0,0.0,0.0,0.0,0,0,BAYC
9807,0,0.0,0.0,0.0,0.0,0,0,BAYC
9821,0,0.0,0.0,0.0,0.0,0,0,BAYC
9819,0,0.0,0.0,0.0,0.0,0,0,BAYC
9814,0,0.0,0.0,0.0,0.0,0,0,BAYC
9803,0,0.0,0.0,0.0,0.0,0,0,BAYC
9805,0,0.0,0.0,0.0,0.0,0,0,BAYC
9793,0,0.0,0.0,0.0,0.0,0,0,BAYC
9804,0,0.0,0.0,0.0,0.0,0,0,BAYC
9802,0,0.0,0.0,0.0,0.0,0,0,BAYC
9786,0,0.0,0.0,0.0,0.0,0,0,BAYC
9788,0,0.0,0.0,0.0,0.0,0,0,BAYC
9809,0,0.0,0.0,0.0,0.0,0,0,BAYC
9822,0,0.0,0.0,0.0,0.0,0,0,BAYC
9820,0,0.0,0.0,0.0,0.0,0,0,BAYC
9755,0,0.0,0.0,0.0,0.0,0,0,BAYC
9753,0,0.0,0.0,0.0,0.0,0,0,BAYC
9783,0,0.0,0.0,0.0,0.0,0,0,BAYC
9752,0,0.0,0.0,0.0,0.0,0,0,BAYC
9747,0,0.0,0.0,0.0,0.0,0,0,BAYC
9763,0,0.0,0.0,0.0,0.0,0,0,BAYC
9748,0,0.0,0.0,0.0,0.0,0,0,BAYC
9768,0,0.0,0.0,0.0,0.0,0,0,BAYC
9775,0,0.0,0.0,0.0,0.0,0,0,BAYC
9757,0,0.0,0.0,0.0,0.0,0,0,BAYC
9770,0,0.0,0.0,0.0,0.0,0,0,BAYC
9767,0,0.0,0.0,0.0,0.0,0,0,BAYC
9765,0,0.0,0.0,0.0,0.0,0,0,BAYC
9758,0,0.0,0.0,0.0,0.0,0,0,BAYC
9781,0,0.0,0.0,0.0,0.0,0,0,BAYC
9769,0,0.0,0.0,0.0,0.0,0,0,BAYC
9784,0,0.0,0.0,0.0,0.0,0,0,BAYC
9750,0,0.0,0.0,0.0,0.0,0,0,BAYC
9759,0,0.0,0.0,0.0,0.0,0,0,BAYC
9778,0,0.0,0.0,0.0,0.0,0,0,BAYC
9756,0,0.0,0.0,0.0,0.0,0,0,BAYC
9760,0,0.0,0.0,0.0,0.0,0,0,BAYC
9764,0,0.0,0.0,0.0,0.0,0,0,BAYC
9774,0,0.0,0.0,0.0,0.0,0,0,BAYC
9754,0,0.0,0.0,0.0,0.0,0,0,BAYC
9777,0,0.0,0.0,0.0,0.0,0,0,BAYC
9746,0,0.0,0.0,0.0,0.0,0,0,BAYC
9751,0,0.0,0.0,0.0,0.0,0,0,BAYC
9782,0,0.0,0.0,0.0,0.0,0,0,BAYC
9771,0,0.0,0.0,0.0,0.0,0,0,BAYC
9762,0,0.0,0.0,0.0,0.0,0,0,BAYC
9776,0,0.0,0.0,0.0,0.0,0,0,BAYC
9780,0,0.0,0.0,0.0,0.0,0,0,BAYC
9772,0,0.0,0.0,0.0,0.0,0,0,BAYC
9749,0,0.0,0.0,0.0,0.0,0,0,BAYC
9766,0,0.0,0.0,0.0,0.0,0,0,BAYC
9779,0,0.0,0.0,0.0,0.0,0,0,BAYC
9761,0,0.0,0.0,0.0,0.0,0,0,BAYC
9773,0,0.0,0.0,0.0,0.0,0,0,BAYC
9731,0,0.0,0.0,0.0,0.0,0,0,BAYC
9729,0,0.0,0.0,0.0,0.0,0,0,BAYC
9732,0,0.0,0.0,0.0,0.0,0,0,BAYC
9691,0,0.0,0.0,0.0,0.0,0,0,BAYC
9701,0,0.0,0.0,0.0,0.0,0,0,BAYC
9706,0,0.0,0.0,0.0,0.0,0,0,BAYC
9705,0,0.0,0.0,0.0,0.0,0,0,BAYC
9743,0,0.0,0.0,0.0,0.0,0,0,BAYC
9730,0,0.0,0.0,0.0,0.0,0,0,BAYC
9711,0,0.0,0.0,0.0,0.0,0,0,BAYC
9696,0,0.0,0.0,0.0,0.0,0,0,BAYC
9713,0,0.0,0.0,0.0,0.0,0,0,BAYC
9702,0,0.0,0.0,0.0,0.0,0,0,BAYC
9704,0,0.0,0.0,0.0,0.0,0,0,BAYC
9693,0,0.0,0.0,0.0,0.0,0,0,BAYC
9707,0,0.0,0.0,0.0,0.0,0,0,BAYC
9712,0,0.0,0.0,0.0,0.0,0,0,BAYC
9699,0,0.0,0.0,0.0,0.0,0,0,BAYC
9689,0,0.0,0.0,0.0,0.0,0,0,BAYC
9727,0,0.0,0.0,0.0,0.0,0,0,BAYC
9709,0,0.0,0.0,0.0,0.0,0,0,BAYC
9733,0,0.0,0.0,0.0,0.0,0,0,BAYC
9687,0,0.0,0.0,0.0,0.0,0,0,BAYC
9708,0,0.0,0.0,0.0,0.0,0,0,BAYC
9710,0,0.0,0.0,0.0,0.0,0,0,BAYC
9728,0,0.0,0.0,0.0,0.0,0,0,BAYC
9742,0,0.0,0.0,0.0,0.0,0,0,BAYC
9745,0,0.0,0.0,0.0,0.0,0,0,BAYC
9739,0,0.0,0.0,0.0,0.0,0,0,BAYC
9726,0,0.0,0.0,0.0,0.0,0,0,BAYC
9737,0,0.0,0.0,0.0,0.0,0,0,BAYC
9738,0,0.0,0.0,0.0,0.0,0,0,BAYC
9741,0,0.0,0.0,0.0,0.0,0,0,BAYC
9740,0,0.0,0.0,0.0,0.0,0,0,BAYC
9695,0,0.0,0.0,0.0,0.0,0,0,BAYC
9722,0,0.0,0.0,0.0,0.0,0,0,BAYC
9720,0,0.0,0.0,0.0,0.0,0,0,BAYC
9716,0,0.0,0.0,0.0,0.0,0,0,BAYC
9700,0,0.0,0.0,0.0,0.0,0,0,BAYC
9719,0,0.0,0.0,0.0,0.0,0,0,BAYC
9717,0,0.0,0.0,0.0,0.0,0,0,BAYC
9744,0,0.0,0.0,0.0,0.0,0,0,BAYC
9688,0,0.0,0.0,0.0,0.0,0,0,BAYC
9715,0,0.0,0.0,0.0,0.0,0,0,BAYC
9718,0,0.0,0.0,0.0,0.0,0,0,BAYC
9686,0,0.0,0.0,0.0,0.0,0,0,BAYC
9694,0,0.0,0.0,0.0,0.0,0,0,BAYC
9697,0,0.0,0.0,0.0,0.0,0,0,BAYC
9714,0,0.0,0.0,0.0,0.0,0,0,BAYC
9734,0,0.0,0.0,0.0,0.0,0,0,BAYC
9725,0,0.0,0.0,0.0,0.0,0,0,BAYC
9736,0,0.0,0.0,0.0,0.0,0,0,BAYC
9724,0,0.0,0.0,0.0,0.0,0,0,BAYC
9690,0,0.0,0.0,0.0,0.0,0,0,BAYC
9698,0,0.0,0.0,0.0,0.0,0,0,BAYC
9723,0,0.0,0.0,0.0,0.0,0,0,BAYC
9735,0,0.0,0.0,0.0,0.0,0,0,BAYC
9692,0,0.0,0.0,0.0,0.0,0,0,BAYC
9721,0,0.0,0.0,0.0,0.0,0,0,BAYC
9703,0,0.0,0.0,0.0,0.0,0,0,BAYC
9663,0,0.0,0.0,0.0,0.0,0,0,BAYC
9673,0,0.0,0.0,0.0,0.0,0,0,BAYC
9680,0,0.0,0.0,0.0,0.0,0,0,BAYC
9671,0,0.0,0.0,0.0,0.0,0,0,BAYC
9652,0,0.0,0.0,0.0,0.0,0,0,BAYC
9647,0,0.0,0.0,0.0,0.0,0,0,BAYC
9641,0,0.0,0.0,0.0,0.0,0,0,BAYC
9649,0,0.0,0.0,0.0,0.0,0,0,BAYC
9654,0,0.0,0.0,0.0,0.0,0,0,BAYC
9672,0,0.0,0.0,0.0,0.0,0,0,BAYC
9670,0,0.0,0.0,0.0,0.0,0,0,BAYC
9657,0,0.0,0.0,0.0,0.0,0,0,BAYC
9677,0,0.0,0.0,0.0,0.0,0,0,BAYC
9667,0,0.0,0.0,0.0,0.0,0,0,BAYC
9664,0,0.0,0.0,0.0,0.0,0,0,BAYC
9648,0,0.0,0.0,0.0,0.0,0,0,BAYC
9679,0,0.0,0.0,0.0,0.0,0,0,BAYC
9643,0,0.0,0.0,0.0,0.0,0,0,BAYC
9681,0,0.0,0.0,0.0,0.0,0,0,BAYC
9658,0,0.0,0.0,0.0,0.0,0,0,BAYC
9669,0,0.0,0.0,0.0,0.0,0,0,BAYC
9665,0,0.0,0.0,0.0,0.0,0,0,BAYC
9645,0,0.0,0.0,0.0,0.0,0,0,BAYC
9684,0,0.0,0.0,0.0,0.0,0,0,BAYC
9656,0,0.0,0.0,0.0,0.0,0,0,BAYC
9650,0,0.0,0.0,0.0,0.0,0,0,BAYC
9653,0,0.0,0.0,0.0,0.0,0,0,BAYC
9659,0,0.0,0.0,0.0,0.0,0,0,BAYC
9661,0,0.0,0.0,0.0,0.0,0,0,BAYC
9682,0,0.0,0.0,0.0,0.0,0,0,BAYC
9651,0,0.0,0.0,0.0,0.0,0,0,BAYC
9662,0,0.0,0.0,0.0,0.0,0,0,BAYC
9642,0,0.0,0.0,0.0,0.0,0,0,BAYC
9678,0,0.0,0.0,0.0,0.0,0,0,BAYC
9660,0,0.0,0.0,0.0,0.0,0,0,BAYC
9646,0,0.0,0.0,0.0,0.0,0,0,BAYC
9674,0,0.0,0.0,0.0,0.0,0,0,BAYC
9683,0,0.0,0.0,0.0,0.0,0,0,BAYC
9655,0,0.0,0.0,0.0,0.0,0,0,BAYC
9644,0,0.0,0.0,0.0,0.0,0,0,BAYC
9675,0,0.0,0.0,0.0,0.0,0,0,BAYC
9666,0,0.0,0.0,0.0,0.0,0,0,BAYC
9668,0,0.0,0.0,0.0,0.0,0,0,BAYC
9685,0,0.0,0.0,0.0,0.0,0,0,BAYC
9676,0,0.0,0.0,0.0,0.0,0,0,BAYC
9637,0,0.0,0.0,0.0,0.0,0,0,BAYC
9634,0,0.0,0.0,0.0,0.0,0,0,BAYC
9630,0,0.0,0.0,0.0,0.0,0,0,BAYC
9613,0,0.0,0.0,0.0,0.0,0,0,BAYC
9619,0,0.0,0.0,0.0,0.0,0,0,BAYC
9625,0,0.0,0.0,0.0,0.0,0,0,BAYC
9622,0,0.0,0.0,0.0,0.0,0,0,BAYC
9614,0,0.0,0.0,0.0,0.0,0,0,BAYC
9640,0,0.0,0.0,0.0,0.0,0,0,BAYC
9620,0,0.0,0.0,0.0,0.0,0,0,BAYC
9632,0,0.0,0.0,0.0,0.0,0,0,BAYC
9635,0,0.0,0.0,0.0,0.0,0,0,BAYC
9610,0,0.0,0.0,0.0,0.0,0,0,BAYC
9631,0,0.0,0.0,0.0,0.0,0,0,BAYC
9616,0,0.0,0.0,0.0,0.0,0,0,BAYC
9602,0,0.0,0.0,0.0,0.0,0,0,BAYC
9623,0,0.0,0.0,0.0,0.0,0,0,BAYC
9608,0,0.0,0.0,0.0,0.0,0,0,BAYC
9611,0,0.0,0.0,0.0,0.0,0,0,BAYC
9604,0,0.0,0.0,0.0,0.0,0,0,BAYC
9629,0,0.0,0.0,0.0,0.0,0,0,BAYC
9627,0,0.0,0.0,0.0,0.0,0,0,BAYC
9607,0,0.0,0.0,0.0,0.0,0,0,BAYC
9621,0,0.0,0.0,0.0,0.0,0,0,BAYC
9605,0,0.0,0.0,0.0,0.0,0,0,BAYC
9636,0,0.0,0.0,0.0,0.0,0,0,BAYC
9633,0,0.0,0.0,0.0,0.0,0,0,BAYC
9617,0,0.0,0.0,0.0,0.0,0,0,BAYC
9639,0,0.0,0.0,0.0,0.0,0,0,BAYC
9606,0,0.0,0.0,0.0,0.0,0,0,BAYC
9628,0,0.0,0.0,0.0,0.0,0,0,BAYC
9618,0,0.0,0.0,0.0,0.0,0,0,BAYC
9615,0,0.0,0.0,0.0,0.0,0,0,BAYC
9609,0,0.0,0.0,0.0,0.0,0,0,BAYC
9624,0,0.0,0.0,0.0,0.0,0,0,BAYC
9603,0,0.0,0.0,0.0,0.0,0,0,BAYC
9638,0,0.0,0.0,0.0,0.0,0,0,BAYC
9626,0,0.0,0.0,0.0,0.0,0,0,BAYC
9612,0,0.0,0.0,0.0,0.0,0,0,BAYC
9593,0,0.0,0.0,0.0,0.0,0,0,BAYC
9596,0,0.0,0.0,0.0,0.0,0,0,BAYC
9564,0,0.0,0.0,0.0,0.0,0,0,BAYC
9570,0,0.0,0.0,0.0,0.0,0,0,BAYC
9592,0,0.0,0.0,0.0,0.0,0,0,BAYC
9578,0,0.0,0.0,0.0,0.0,0,0,BAYC
9584,0,0.0,0.0,0.0,0.0,0,0,BAYC
9549,0,0.0,0.0,0.0,0.0,0,0,BAYC
9572,0,0.0,0.0,0.0,0.0,0,0,BAYC
9589,0,0.0,0.0,0.0,0.0,0,0,BAYC
9546,0,0.0,0.0,0.0,0.0,0,0,BAYC
9554,0,0.0,0.0,0.0,0.0,0,0,BAYC
9595,0,0.0,0.0,0.0,0.0,0,0,BAYC
9581,0,0.0,0.0,0.0,0.0,0,0,BAYC
9550,0,0.0,0.0,0.0,0.0,0,0,BAYC
9579,0,0.0,0.0,0.0,0.0,0,0,BAYC
9585,0,0.0,0.0,0.0,0.0,0,0,BAYC
9555,0,0.0,0.0,0.0,0.0,0,0,BAYC
9558,0,0.0,0.0,0.0,0.0,0,0,BAYC
9568,0,0.0,0.0,0.0,0.0,0,0,BAYC
9599,0,0.0,0.0,0.0,0.0,0,0,BAYC
9590,0,0.0,0.0,0.0,0.0,0,0,BAYC
9563,0,0.0,0.0,0.0,0.0,0,0,BAYC
9583,0,0.0,0.0,0.0,0.0,0,0,BAYC
9562,0,0.0,0.0,0.0,0.0,0,0,BAYC
9551,0,0.0,0.0,0.0,0.0,0,0,BAYC
9556,0,0.0,0.0,0.0,0.0,0,0,BAYC
9561,0,0.0,0.0,0.0,0.0,0,0,BAYC
9574,0,0.0,0.0,0.0,0.0,0,0,BAYC
9588,0,0.0,0.0,0.0,0.0,0,0,BAYC
9591,0,0.0,0.0,0.0,0.0,0,0,BAYC
9580,0,0.0,0.0,0.0,0.0,0,0,BAYC
9566,0,0.0,0.0,0.0,0.0,0,0,BAYC
9557,0,0.0,0.0,0.0,0.0,0,0,BAYC
9567,0,0.0,0.0,0.0,0.0,0,0,BAYC
9575,0,0.0,0.0,0.0,0.0,0,0,BAYC
9560,0,0.0,0.0,0.0,0.0,0,0,BAYC
9601,0,0.0,0.0,0.0,0.0,0,0,BAYC
9552,0,0.0,0.0,0.0,0.0,0,0,BAYC
9594,0,0.0,0.0,0.0,0.0,0,0,BAYC
9553,0,0.0,0.0,0.0,0.0,0,0,BAYC
9586,0,0.0,0.0,0.0,0.0,0,0,BAYC
9547,0,0.0,0.0,0.0,0.0,0,0,BAYC
9587,0,0.0,0.0,0.0,0.0,0,0,BAYC
9577,0,0.0,0.0,0.0,0.0,0,0,BAYC
9576,0,0.0,0.0,0.0,0.0,0,0,BAYC
9573,0,0.0,0.0,0.0,0.0,0,0,BAYC
9597,0,0.0,0.0,0.0,0.0,0,0,BAYC
9569,0,0.0,0.0,0.0,0.0,0,0,BAYC
9565,0,0.0,0.0,0.0,0.0,0,0,BAYC
9598,0,0.0,0.0,0.0,0.0,0,0,BAYC
9559,0,0.0,0.0,0.0,0.0,0,0,BAYC
9582,0,0.0,0.0,0.0,0.0,0,0,BAYC
9548,0,0.0,0.0,0.0,0.0,0,0,BAYC
9571,0,0.0,0.0,0.0,0.0,0,0,BAYC
9600,0,0.0,0.0,0.0,0.0,0,0,BAYC
9531,0,0.0,0.0,0.0,0.0,0,0,BAYC
9520,0,0.0,0.0,0.0,0.0,0,0,BAYC
9535,0,0.0,0.0,0.0,0.0,0,0,BAYC
9536,0,0.0,0.0,0.0,0.0,0,0,BAYC
9539,0,0.0,0.0,0.0,0.0,0,0,BAYC
9534,0,0.0,0.0,0.0,0.0,0,0,BAYC
9522,0,0.0,0.0,0.0,0.0,0,0,BAYC
9533,0,0.0,0.0,0.0,0.0,0,0,BAYC
9513,0,0.0,0.0,0.0,0.0,0,0,BAYC
9527,0,0.0,0.0,0.0,0.0,0,0,BAYC
9517,0,0.0,0.0,0.0,0.0,0,0,BAYC
9529,0,0.0,0.0,0.0,0.0,0,0,BAYC
9532,0,0.0,0.0,0.0,0.0,0,0,BAYC
9540,0,0.0,0.0,0.0,0.0,0,0,BAYC
9516,0,0.0,0.0,0.0,0.0,0,0,BAYC
9541,0,0.0,0.0,0.0,0.0,0,0,BAYC
9545,0,0.0,0.0,0.0,0.0,0,0,BAYC
9519,0,0.0,0.0,0.0,0.0,0,0,BAYC
9537,0,0.0,0.0,0.0,0.0,0,0,BAYC
9526,0,0.0,0.0,0.0,0.0,0,0,BAYC
9524,0,0.0,0.0,0.0,0.0,0,0,BAYC
9523,0,0.0,0.0,0.0,0.0,0,0,BAYC
9525,0,0.0,0.0,0.0,0.0,0,0,BAYC
9528,0,0.0,0.0,0.0,0.0,0,0,BAYC
9530,0,0.0,0.0,0.0,0.0,0,0,BAYC
9514,0,0.0,0.0,0.0,0.0,0,0,BAYC
9521,0,0.0,0.0,0.0,0.0,0,0,BAYC
9515,0,0.0,0.0,0.0,0.0,0,0,BAYC
9538,0,0.0,0.0,0.0,0.0,0,0,BAYC
9544,0,0.0,0.0,0.0,0.0,0,0,BAYC
9542,0,0.0,0.0,0.0,0.0,0,0,BAYC
9518,0,0.0,0.0,0.0,0.0,0,0,BAYC
9543,0,0.0,0.0,0.0,0.0,0,0,BAYC
9497,0,0.0,0.0,0.0,0.0,0,0,BAYC
9511,0,0.0,0.0,0.0,0.0,0,0,BAYC
9461,0,0.0,0.0,0.0,0.0,0,0,BAYC
9457,0,0.0,0.0,0.0,0.0,0,0,BAYC
9493,0,0.0,0.0,0.0,0.0,0,0,BAYC
9502,0,0.0,0.0,0.0,0.0,0,0,BAYC
9488,0,0.0,0.0,0.0,0.0,0,0,BAYC
9479,0,0.0,0.0,0.0,0.0,0,0,BAYC
9482,0,0.0,0.0,0.0,0.0,0,0,BAYC
9476,0,0.0,0.0,0.0,0.0,0,0,BAYC
9474,0,0.0,0.0,0.0,0.0,0,0,BAYC
9480,0,0.0,0.0,0.0,0.0,0,0,BAYC
9508,0,0.0,0.0,0.0,0.0,0,0,BAYC
9490,0,0.0,0.0,0.0,0.0,0,0,BAYC
9483,0,0.0,0.0,0.0,0.0,0,0,BAYC
9500,0,0.0,0.0,0.0,0.0,0,0,BAYC
9498,0,0.0,0.0,0.0,0.0,0,0,BAYC
9462,0,0.0,0.0,0.0,0.0,0,0,BAYC
9512,0,0.0,0.0,0.0,0.0,0,0,BAYC
9485,0,0.0,0.0,0.0,0.0,0,0,BAYC
9510,0,0.0,0.0,0.0,0.0,0,0,BAYC
9477,0,0.0,0.0,0.0,0.0,0,0,BAYC
9503,0,0.0,0.0,0.0,0.0,0,0,BAYC
9459,0,0.0,0.0,0.0,0.0,0,0,BAYC
9509,0,0.0,0.0,0.0,0.0,0,0,BAYC
9506,0,0.0,0.0,0.0,0.0,0,0,BAYC
9467,0,0.0,0.0,0.0,0.0,0,0,BAYC
9454,0,0.0,0.0,0.0,0.0,0,0,BAYC
9468,0,0.0,0.0,0.0,0.0,0,0,BAYC
9466,0,0.0,0.0,0.0,0.0,0,0,BAYC
9475,0,0.0,0.0,0.0,0.0,0,0,BAYC
9499,0,0.0,0.0,0.0,0.0,0,0,BAYC
9472,0,0.0,0.0,0.0,0.0,0,0,BAYC
9452,0,0.0,0.0,0.0,0.0,0,0,BAYC
9495,0,0.0,0.0,0.0,0.0,0,0,BAYC
9496,0,0.0,0.0,0.0,0.0,0,0,BAYC
9484,0,0.0,0.0,0.0,0.0,0,0,BAYC
9481,0,0.0,0.0,0.0,0.0,0,0,BAYC
9473,0,0.0,0.0,0.0,0.0,0,0,BAYC
9507,0,0.0,0.0,0.0,0.0,0,0,BAYC
9470,0,0.0,0.0,0.0,0.0,0,0,BAYC
9464,0,0.0,0.0,0.0,0.0,0,0,BAYC
9501,0,0.0,0.0,0.0,0.0,0,0,BAYC
9491,0,0.0,0.0,0.0,0.0,0,0,BAYC
9453,0,0.0,0.0,0.0,0.0,0,0,BAYC
9471,0,0.0,0.0,0.0,0.0,0,0,BAYC
9492,0,0.0,0.0,0.0,0.0,0,0,BAYC
9455,0,0.0,0.0,0.0,0.0,0,0,BAYC
9487,0,0.0,0.0,0.0,0.0,0,0,BAYC
9494,0,0.0,0.0,0.0,0.0,0,0,BAYC
9458,0,0.0,0.0,0.0,0.0,0,0,BAYC
9469,0,0.0,0.0,0.0,0.0,0,0,BAYC
9463,0,0.0,0.0,0.0,0.0,0,0,BAYC
9504,0,0.0,0.0,0.0,0.0,0,0,BAYC
9486,0,0.0,0.0,0.0,0.0,0,0,BAYC
9465,0,0.0,0.0,0.0,0.0,0,0,BAYC
9460,0,0.0,0.0,0.0,0.0,0,0,BAYC
9478,0,0.0,0.0,0.0,0.0,0,0,BAYC
9505,0,0.0,0.0,0.0,0.0,0,0,BAYC
9489,0,0.0,0.0,0.0,0.0,0,0,BAYC
9456,0,0.0,0.0,0.0,0.0,0,0,BAYC
9434,0,0.0,0.0,0.0,0.0,0,0,BAYC
9446,0,0.0,0.0,0.0,0.0,0,0,BAYC
9438,0,0.0,0.0,0.0,0.0,0,0,BAYC
9445,0,0.0,0.0,0.0,0.0,0,0,BAYC
9447,0,0.0,0.0,0.0,0.0,0,0,BAYC
9444,0,0.0,0.0,0.0,0.0,0,0,BAYC
9433,0,0.0,0.0,0.0,0.0,0,0,BAYC
9442,0,0.0,0.0,0.0,0.0,0,0,BAYC
9440,0,0.0,0.0,0.0,0.0,0,0,BAYC
9448,0,0.0,0.0,0.0,0.0,0,0,BAYC
9436,0,0.0,0.0,0.0,0.0,0,0,BAYC
9443,0,0.0,0.0,0.0,0.0,0,0,BAYC
9441,0,0.0,0.0,0.0,0.0,0,0,BAYC
9451,0,0.0,0.0,0.0,0.0,0,0,BAYC
9432,0,0.0,0.0,0.0,0.0,0,0,BAYC
9439,0,0.0,0.0,0.0,0.0,0,0,BAYC
9449,0,0.0,0.0,0.0,0.0,0,0,BAYC
9450,0,0.0,0.0,0.0,0.0,0,0,BAYC
9437,0,0.0,0.0,0.0,0.0,0,0,BAYC
9435,0,0.0,0.0,0.0,0.0,0,0,BAYC
9421,0,0.0,0.0,0.0,0.0,0,0,BAYC
9422,0,0.0,0.0,0.0,0.0,0,0,BAYC
9423,0,0.0,0.0,0.0,0.0,0,0,BAYC
9415,0,0.0,0.0,0.0,0.0,0,0,BAYC
9424,0,0.0,0.0,0.0,0.0,0,0,BAYC
9430,0,0.0,0.0,0.0,0.0,0,0,BAYC
9428,0,0.0,0.0,0.0,0.0,0,0,BAYC
9414,0,0.0,0.0,0.0,0.0,0,0,BAYC
9419,0,0.0,0.0,0.0,0.0,0,0,BAYC
9427,0,0.0,0.0,0.0,0.0,0,0,BAYC
9426,0,0.0,0.0,0.0,0.0,0,0,BAYC
9418,0,0.0,0.0,0.0,0.0,0,0,BAYC
9416,0,0.0,0.0,0.0,0.0,0,0,BAYC
9420,0,0.0,0.0,0.0,0.0,0,0,BAYC
9429,0,0.0,0.0,0.0,0.0,0,0,BAYC
9425,0,0.0,0.0,0.0,0.0,0,0,BAYC
9417,0,0.0,0.0,0.0,0.0,0,0,BAYC
9431,0,0.0,0.0,0.0,0.0,0,0,BAYC
9372,0,0.0,0.0,0.0,0.0,0,0,BAYC
9389,0,0.0,0.0,0.0,0.0,0,0,BAYC
9387,0,0.0,0.0,0.0,0.0,0,0,BAYC
9395,0,0.0,0.0,0.0,0.0,0,0,BAYC
9398,0,0.0,0.0,0.0,0.0,0,0,BAYC
9368,0,0.0,0.0,0.0,0.0,0,0,BAYC
9405,0,0.0,0.0,0.0,0.0,0,0,BAYC
9391,0,0.0,0.0,0.0,0.0,0,0,BAYC
9377,0,0.0,0.0,0.0,0.0,0,0,BAYC
9399,0,0.0,0.0,0.0,0.0,0,0,BAYC
9384,0,0.0,0.0,0.0,0.0,0,0,BAYC
9400,0,0.0,0.0,0.0,0.0,0,0,BAYC
9403,0,0.0,0.0,0.0,0.0,0,0,BAYC
9409,0,0.0,0.0,0.0,0.0,0,0,BAYC
9382,0,0.0,0.0,0.0,0.0,0,0,BAYC
9383,0,0.0,0.0,0.0,0.0,0,0,BAYC
9406,0,0.0,0.0,0.0,0.0,0,0,BAYC
9374,0,0.0,0.0,0.0,0.0,0,0,BAYC
9385,0,0.0,0.0,0.0,0.0,0,0,BAYC
9380,0,0.0,0.0,0.0,0.0,0,0,BAYC
9407,0,0.0,0.0,0.0,0.0,0,0,BAYC
9404,0,0.0,0.0,0.0,0.0,0,0,BAYC
9378,0,0.0,0.0,0.0,0.0,0,0,BAYC
9388,0,0.0,0.0,0.0,0.0,0,0,BAYC
9397,0,0.0,0.0,0.0,0.0,0,0,BAYC
9386,0,0.0,0.0,0.0,0.0,0,0,BAYC
9376,0,0.0,0.0,0.0,0.0,0,0,BAYC
9370,0,0.0,0.0,0.0,0.0,0,0,BAYC
9379,0,0.0,0.0,0.0,0.0,0,0,BAYC
9373,0,0.0,0.0,0.0,0.0,0,0,BAYC
9411,0,0.0,0.0,0.0,0.0,0,0,BAYC
9381,0,0.0,0.0,0.0,0.0,0,0,BAYC
9410,0,0.0,0.0,0.0,0.0,0,0,BAYC
9375,0,0.0,0.0,0.0,0.0,0,0,BAYC
9393,0,0.0,0.0,0.0,0.0,0,0,BAYC
9401,0,0.0,0.0,0.0,0.0,0,0,BAYC
9413,0,0.0,0.0,0.0,0.0,0,0,BAYC
9390,0,0.0,0.0,0.0,0.0,0,0,BAYC
9408,0,0.0,0.0,0.0,0.0,0,0,BAYC
9369,0,0.0,0.0,0.0,0.0,0,0,BAYC
9412,0,0.0,0.0,0.0,0.0,0,0,BAYC
9396,0,0.0,0.0,0.0,0.0,0,0,BAYC
9392,0,0.0,0.0,0.0,0.0,0,0,BAYC
9402,0,0.0,0.0,0.0,0.0,0,0,BAYC
9371,0,0.0,0.0,0.0,0.0,0,0,BAYC
9394,0,0.0,0.0,0.0,0.0,0,0,BAYC
9326,0,0.0,0.0,0.0,0.0,0,0,BAYC
9334,0,0.0,0.0,0.0,0.0,0,0,BAYC
9328,0,0.0,0.0,0.0,0.0,0,0,BAYC
9342,0,0.0,0.0,0.0,0.0,0,0,BAYC
9350,0,0.0,0.0,0.0,0.0,0,0,BAYC
9341,0,0.0,0.0,0.0,0.0,0,0,BAYC
9361,0,0.0,0.0,0.0,0.0,0,0,BAYC
9335,0,0.0,0.0,0.0,0.0,0,0,BAYC
9367,0,0.0,0.0,0.0,0.0,0,0,BAYC
9320,0,0.0,0.0,0.0,0.0,0,0,BAYC
9305,0,0.0,0.0,0.0,0.0,0,0,BAYC
9309,0,0.0,0.0,0.0,0.0,0,0,BAYC
9338,0,0.0,0.0,0.0,0.0,0,0,BAYC
9359,0,0.0,0.0,0.0,0.0,0,0,BAYC
9356,0,0.0,0.0,0.0,0.0,0,0,BAYC
9314,0,0.0,0.0,0.0,0.0,0,0,BAYC
9360,0,0.0,0.0,0.0,0.0,0,0,BAYC
9306,0,0.0,0.0,0.0,0.0,0,0,BAYC
9351,0,0.0,0.0,0.0,0.0,0,0,BAYC
9363,0,0.0,0.0,0.0,0.0,0,0,BAYC
9365,0,0.0,0.0,0.0,0.0,0,0,BAYC
9311,0,0.0,0.0,0.0,0.0,0,0,BAYC
9324,0,0.0,0.0,0.0,0.0,0,0,BAYC
9358,0,0.0,0.0,0.0,0.0,0,0,BAYC
9327,0,0.0,0.0,0.0,0.0,0,0,BAYC
9331,0,0.0,0.0,0.0,0.0,0,0,BAYC
9354,0,0.0,0.0,0.0,0.0,0,0,BAYC
9307,0,0.0,0.0,0.0,0.0,0,0,BAYC
9317,0,0.0,0.0,0.0,0.0,0,0,BAYC
9315,0,0.0,0.0,0.0,0.0,0,0,BAYC
9322,0,0.0,0.0,0.0,0.0,0,0,BAYC
9339,0,0.0,0.0,0.0,0.0,0,0,BAYC
9332,0,0.0,0.0,0.0,0.0,0,0,BAYC
9340,0,0.0,0.0,0.0,0.0,0,0,BAYC
9352,0,0.0,0.0,0.0,0.0,0,0,BAYC
9321,0,0.0,0.0,0.0,0.0,0,0,BAYC
9344,0,0.0,0.0,0.0,0.0,0,0,BAYC
9346,0,0.0,0.0,0.0,0.0,0,0,BAYC
9313,0,0.0,0.0,0.0,0.0,0,0,BAYC
9347,0,0.0,0.0,0.0,0.0,0,0,BAYC
9308,0,0.0,0.0,0.0,0.0,0,0,BAYC
9349,0,0.0,0.0,0.0,0.0,0,0,BAYC
9337,0,0.0,0.0,0.0,0.0,0,0,BAYC
9357,0,0.0,0.0,0.0,0.0,0,0,BAYC
9362,0,0.0,0.0,0.0,0.0,0,0,BAYC
9353,0,0.0,0.0,0.0,0.0,0,0,BAYC
9323,0,0.0,0.0,0.0,0.0,0,0,BAYC
9348,0,0.0,0.0,0.0,0.0,0,0,BAYC
9336,0,0.0,0.0,0.0,0.0,0,0,BAYC
9318,0,0.0,0.0,0.0,0.0,0,0,BAYC
9355,0,0.0,0.0,0.0,0.0,0,0,BAYC
9364,0,0.0,0.0,0.0,0.0,0,0,BAYC
9319,0,0.0,0.0,0.0,0.0,0,0,BAYC
9333,0,0.0,0.0,0.0,0.0,0,0,BAYC
9329,0,0.0,0.0,0.0,0.0,0,0,BAYC
9345,0,0.0,0.0,0.0,0.0,0,0,BAYC
9343,0,0.0,0.0,0.0,0.0,0,0,BAYC
9312,0,0.0,0.0,0.0,0.0,0,0,BAYC
9325,0,0.0,0.0,0.0,0.0,0,0,BAYC
9310,0,0.0,0.0,0.0,0.0,0,0,BAYC
9316,0,0.0,0.0,0.0,0.0,0,0,BAYC
9330,0,0.0,0.0,0.0,0.0,0,0,BAYC
9366,0,0.0,0.0,0.0,0.0,0,0,BAYC
9301,0,0.0,0.0,0.0,0.0,0,0,BAYC
9294,0,0.0,0.0,0.0,0.0,0,0,BAYC
9285,0,0.0,0.0,0.0,0.0,0,0,BAYC
9302,0,0.0,0.0,0.0,0.0,0,0,BAYC
9295,0,0.0,0.0,0.0,0.0,0,0,BAYC
9292,0,0.0,0.0,0.0,0.0,0,0,BAYC
9299,0,0.0,0.0,0.0,0.0,0,0,BAYC
9287,0,0.0,0.0,0.0,0.0,0,0,BAYC
9284,0,0.0,0.0,0.0,0.0,0,0,BAYC
9288,0,0.0,0.0,0.0,0.0,0,0,BAYC
9303,0,0.0,0.0,0.0,0.0,0,0,BAYC
9291,0,0.0,0.0,0.0,0.0,0,0,BAYC
9296,0,0.0,0.0,0.0,0.0,0,0,BAYC
9281,0,0.0,0.0,0.0,0.0,0,0,BAYC
9282,0,0.0,0.0,0.0,0.0,0,0,BAYC
9298,0,0.0,0.0,0.0,0.0,0,0,BAYC
9300,0,0.0,0.0,0.0,0.0,0,0,BAYC
9304,0,0.0,0.0,0.0,0.0,0,0,BAYC
9293,0,0.0,0.0,0.0,0.0,0,0,BAYC
9286,0,0.0,0.0,0.0,0.0,0,0,BAYC
9290,0,0.0,0.0,0.0,0.0,0,0,BAYC
9279,0,0.0,0.0,0.0,0.0,0,0,BAYC
9297,0,0.0,0.0,0.0,0.0,0,0,BAYC
9278,0,0.0,0.0,0.0,0.0,0,0,BAYC
9283,0,0.0,0.0,0.0,0.0,0,0,BAYC
9289,0,0.0,0.0,0.0,0.0,0,0,BAYC
9280,0,0.0,0.0,0.0,0.0,0,0,BAYC
9272,0,0.0,0.0,0.0,0.0,0,0,BAYC
9270,0,0.0,0.0,0.0,0.0,0,0,BAYC
9277,0,0.0,0.0,0.0,0.0,0,0,BAYC
9271,0,0.0,0.0,0.0,0.0,0,0,BAYC
9273,0,0.0,0.0,0.0,0.0,0,0,BAYC
9274,0,0.0,0.0,0.0,0.0,0,0,BAYC
9275,0,0.0,0.0,0.0,0.0,0,0,BAYC
9269,0,0.0,0.0,0.0,0.0,0,0,BAYC
9276,0,0.0,0.0,0.0,0.0,0,0,BAYC
9262,0,0.0,0.0,0.0,0.0,0,0,BAYC
9253,0,0.0,0.0,0.0,0.0,0,0,BAYC
9265,0,0.0,0.0,0.0,0.0,0,0,BAYC
9267,0,0.0,0.0,0.0,0.0,0,0,BAYC
9256,0,0.0,0.0,0.0,0.0,0,0,BAYC
9261,0,0.0,0.0,0.0,0.0,0,0,BAYC
9266,0,0.0,0.0,0.0,0.0,0,0,BAYC
9257,0,0.0,0.0,0.0,0.0,0,0,BAYC
9264,0,0.0,0.0,0.0,0.0,0,0,BAYC
9260,0,0.0,0.0,0.0,0.0,0,0,BAYC
9251,0,0.0,0.0,0.0,0.0,0,0,BAYC
9250,0,0.0,0.0,0.0,0.0,0,0,BAYC
9268,0,0.0,0.0,0.0,0.0,0,0,BAYC
9254,0,0.0,0.0,0.0,0.0,0,0,BAYC
9249,0,0.0,0.0,0.0,0.0,0,0,BAYC
9259,0,0.0,0.0,0.0,0.0,0,0,BAYC
9255,0,0.0,0.0,0.0,0.0,0,0,BAYC
9258,0,0.0,0.0,0.0,0.0,0,0,BAYC
9263,0,0.0,0.0,0.0,0.0,0,0,BAYC
9252,0,0.0,0.0,0.0,0.0,0,0,BAYC
9232,0,0.0,0.0,0.0,0.0,0,0,BAYC
9231,0,0.0,0.0,0.0,0.0,0,0,BAYC
9248,0,0.0,0.0,0.0,0.0,0,0,BAYC
9243,0,0.0,0.0,0.0,0.0,0,0,BAYC
9244,0,0.0,0.0,0.0,0.0,0,0,BAYC
9237,0,0.0,0.0,0.0,0.0,0,0,BAYC
9242,0,0.0,0.0,0.0,0.0,0,0,BAYC
9238,0,0.0,0.0,0.0,0.0,0,0,BAYC
9240,0,0.0,0.0,0.0,0.0,0,0,BAYC
9246,0,0.0,0.0,0.0,0.0,0,0,BAYC
9241,0,0.0,0.0,0.0,0.0,0,0,BAYC
9235,0,0.0,0.0,0.0,0.0,0,0,BAYC
9247,0,0.0,0.0,0.0,0.0,0,0,BAYC
9245,0,0.0,0.0,0.0,0.0,0,0,BAYC
9233,0,0.0,0.0,0.0,0.0,0,0,BAYC
9239,0,0.0,0.0,0.0,0.0,0,0,BAYC
9236,0,0.0,0.0,0.0,0.0,0,0,BAYC
9234,0,0.0,0.0,0.0,0.0,0,0,BAYC
9198,0,0.0,0.0,0.0,0.0,0,0,BAYC
9215,0,0.0,0.0,0.0,0.0,0,0,BAYC
9224,0,0.0,0.0,0.0,0.0,0,0,BAYC
9194,0,0.0,0.0,0.0,0.0,0,0,BAYC
9218,0,0.0,0.0,0.0,0.0,0,0,BAYC
9226,0,0.0,0.0,0.0,0.0,0,0,BAYC
9220,0,0.0,0.0,0.0,0.0,0,0,BAYC
9195,0,0.0,0.0,0.0,0.0,0,0,BAYC
9203,0,0.0,0.0,0.0,0.0,0,0,BAYC
9197,0,0.0,0.0,0.0,0.0,0,0,BAYC
9199,0,0.0,0.0,0.0,0.0,0,0,BAYC
9219,0,0.0,0.0,0.0,0.0,0,0,BAYC
9201,0,0.0,0.0,0.0,0.0,0,0,BAYC
9210,0,0.0,0.0,0.0,0.0,0,0,BAYC
9225,0,0.0,0.0,0.0,0.0,0,0,BAYC
9202,0,0.0,0.0,0.0,0.0,0,0,BAYC
9196,0,0.0,0.0,0.0,0.0,0,0,BAYC
9223,0,0.0,0.0,0.0,0.0,0,0,BAYC
9211,0,0.0,0.0,0.0,0.0,0,0,BAYC
9205,0,0.0,0.0,0.0,0.0,0,0,BAYC
9222,0,0.0,0.0,0.0,0.0,0,0,BAYC
9213,0,0.0,0.0,0.0,0.0,0,0,BAYC
9228,0,0.0,0.0,0.0,0.0,0,0,BAYC
9230,0,0.0,0.0,0.0,0.0,0,0,BAYC
9229,0,0.0,0.0,0.0,0.0,0,0,BAYC
9206,0,0.0,0.0,0.0,0.0,0,0,BAYC
9209,0,0.0,0.0,0.0,0.0,0,0,BAYC
9204,0,0.0,0.0,0.0,0.0,0,0,BAYC
9208,0,0.0,0.0,0.0,0.0,0,0,BAYC
9227,0,0.0,0.0,0.0,0.0,0,0,BAYC
9221,0,0.0,0.0,0.0,0.0,0,0,BAYC
9207,0,0.0,0.0,0.0,0.0,0,0,BAYC
9193,0,0.0,0.0,0.0,0.0,0,0,BAYC
9214,0,0.0,0.0,0.0,0.0,0,0,BAYC
9200,0,0.0,0.0,0.0,0.0,0,0,BAYC
9217,0,0.0,0.0,0.0,0.0,0,0,BAYC
9212,0,0.0,0.0,0.0,0.0,0,0,BAYC
9216,0,0.0,0.0,0.0,0.0,0,0,BAYC
9180,0,0.0,0.0,0.0,0.0,0,0,BAYC
9165,0,0.0,0.0,0.0,0.0,0,0,BAYC
9156,0,0.0,0.0,0.0,0.0,0,0,BAYC
9160,0,0.0,0.0,0.0,0.0,0,0,BAYC
9158,0,0.0,0.0,0.0,0.0,0,0,BAYC
9164,0,0.0,0.0,0.0,0.0,0,0,BAYC
9144,0,0.0,0.0,0.0,0.0,0,0,BAYC
9152,0,0.0,0.0,0.0,0.0,0,0,BAYC
9181,0,0.0,0.0,0.0,0.0,0,0,BAYC
9134,0,0.0,0.0,0.0,0.0,0,0,BAYC
9128,0,0.0,0.0,0.0,0.0,0,0,BAYC
9139,0,0.0,0.0,0.0,0.0,0,0,BAYC
9188,0,0.0,0.0,0.0,0.0,0,0,BAYC
9145,0,0.0,0.0,0.0,0.0,0,0,BAYC
9183,0,0.0,0.0,0.0,0.0,0,0,BAYC
9178,0,0.0,0.0,0.0,0.0,0,0,BAYC
9190,0,0.0,0.0,0.0,0.0,0,0,BAYC
9126,0,0.0,0.0,0.0,0.0,0,0,BAYC
9187,0,0.0,0.0,0.0,0.0,0,0,BAYC
9184,0,0.0,0.0,0.0,0.0,0,0,BAYC
9131,0,0.0,0.0,0.0,0.0,0,0,BAYC
9173,0,0.0,0.0,0.0,0.0,0,0,BAYC
9143,0,0.0,0.0,0.0,0.0,0,0,BAYC
9171,0,0.0,0.0,0.0,0.0,0,0,BAYC
9176,0,0.0,0.0,0.0,0.0,0,0,BAYC
9166,0,0.0,0.0,0.0,0.0,0,0,BAYC
9136,0,0.0,0.0,0.0,0.0,0,0,BAYC
9191,0,0.0,0.0,0.0,0.0,0,0,BAYC
9175,0,0.0,0.0,0.0,0.0,0,0,BAYC
9141,0,0.0,0.0,0.0,0.0,0,0,BAYC
9133,0,0.0,0.0,0.0,0.0,0,0,BAYC
9182,0,0.0,0.0,0.0,0.0,0,0,BAYC
9169,0,0.0,0.0,0.0,0.0,0,0,BAYC
9172,0,0.0,0.0,0.0,0.0,0,0,BAYC
9177,0,0.0,0.0,0.0,0.0,0,0,BAYC
9150,0,0.0,0.0,0.0,0.0,0,0,BAYC
9167,0,0.0,0.0,0.0,0.0,0,0,BAYC
9168,0,0.0,0.0,0.0,0.0,0,0,BAYC
9153,0,0.0,0.0,0.0,0.0,0,0,BAYC
9130,0,0.0,0.0,0.0,0.0,0,0,BAYC
9174,0,0.0,0.0,0.0,0.0,0,0,BAYC
9129,0,0.0,0.0,0.0,0.0,0,0,BAYC
9140,0,0.0,0.0,0.0,0.0,0,0,BAYC
9162,0,0.0,0.0,0.0,0.0,0,0,BAYC
9186,0,0.0,0.0,0.0,0.0,0,0,BAYC
9138,0,0.0,0.0,0.0,0.0,0,0,BAYC
9159,0,0.0,0.0,0.0,0.0,0,0,BAYC
9137,0,0.0,0.0,0.0,0.0,0,0,BAYC
9154,0,0.0,0.0,0.0,0.0,0,0,BAYC
9151,0,0.0,0.0,0.0,0.0,0,0,BAYC
9161,0,0.0,0.0,0.0,0.0,0,0,BAYC
9189,0,0.0,0.0,0.0,0.0,0,0,BAYC
9149,0,0.0,0.0,0.0,0.0,0,0,BAYC
9147,0,0.0,0.0,0.0,0.0,0,0,BAYC
9163,0,0.0,0.0,0.0,0.0,0,0,BAYC
9127,0,0.0,0.0,0.0,0.0,0,0,BAYC
9155,0,0.0,0.0,0.0,0.0,0,0,BAYC
9132,0,0.0,0.0,0.0,0.0,0,0,BAYC
9192,0,0.0,0.0,0.0,0.0,0,0,BAYC
9142,0,0.0,0.0,0.0,0.0,0,0,BAYC
9170,0,0.0,0.0,0.0,0.0,0,0,BAYC
9135,0,0.0,0.0,0.0,0.0,0,0,BAYC
9148,0,0.0,0.0,0.0,0.0,0,0,BAYC
9185,0,0.0,0.0,0.0,0.0,0,0,BAYC
9157,0,0.0,0.0,0.0,0.0,0,0,BAYC
9146,0,0.0,0.0,0.0,0.0,0,0,BAYC
9179,0,0.0,0.0,0.0,0.0,0,0,BAYC
9125,0,0.0,0.0,0.0,0.0,0,0,BAYC
9120,0,0.0,0.0,0.0,0.0,0,0,BAYC
9114,0,0.0,0.0,0.0,0.0,0,0,BAYC
9112,0,0.0,0.0,0.0,0.0,0,0,BAYC
9119,0,0.0,0.0,0.0,0.0,0,0,BAYC
9117,0,0.0,0.0,0.0,0.0,0,0,BAYC
9111,0,0.0,0.0,0.0,0.0,0,0,BAYC
9121,0,0.0,0.0,0.0,0.0,0,0,BAYC
9118,0,0.0,0.0,0.0,0.0,0,0,BAYC
9110,0,0.0,0.0,0.0,0.0,0,0,BAYC
9116,0,0.0,0.0,0.0,0.0,0,0,BAYC
9113,0,0.0,0.0,0.0,0.0,0,0,BAYC
9123,0,0.0,0.0,0.0,0.0,0,0,BAYC
9124,0,0.0,0.0,0.0,0.0,0,0,BAYC
9122,0,0.0,0.0,0.0,0.0,0,0,BAYC
9115,0,0.0,0.0,0.0,0.0,0,0,BAYC
9086,0,0.0,0.0,0.0,0.0,0,0,BAYC
9082,0,0.0,0.0,0.0,0.0,0,0,BAYC
9081,0,0.0,0.0,0.0,0.0,0,0,BAYC
9097,0,0.0,0.0,0.0,0.0,0,0,BAYC
9108,0,0.0,0.0,0.0,0.0,0,0,BAYC
9084,0,0.0,0.0,0.0,0.0,0,0,BAYC
9095,0,0.0,0.0,0.0,0.0,0,0,BAYC
9100,0,0.0,0.0,0.0,0.0,0,0,BAYC
9087,0,0.0,0.0,0.0,0.0,0,0,BAYC
9101,0,0.0,0.0,0.0,0.0,0,0,BAYC
9102,0,0.0,0.0,0.0,0.0,0,0,BAYC
9090,0,0.0,0.0,0.0,0.0,0,0,BAYC
9078,0,0.0,0.0,0.0,0.0,0,0,BAYC
9106,0,0.0,0.0,0.0,0.0,0,0,BAYC
9091,0,0.0,0.0,0.0,0.0,0,0,BAYC
9109,0,0.0,0.0,0.0,0.0,0,0,BAYC
9093,0,0.0,0.0,0.0,0.0,0,0,BAYC
9099,0,0.0,0.0,0.0,0.0,0,0,BAYC
9083,0,0.0,0.0,0.0,0.0,0,0,BAYC
9096,0,0.0,0.0,0.0,0.0,0,0,BAYC
9085,0,0.0,0.0,0.0,0.0,0,0,BAYC
9092,0,0.0,0.0,0.0,0.0,0,0,BAYC
9089,0,0.0,0.0,0.0,0.0,0,0,BAYC
9104,0,0.0,0.0,0.0,0.0,0,0,BAYC
9088,0,0.0,0.0,0.0,0.0,0,0,BAYC
9094,0,0.0,0.0,0.0,0.0,0,0,BAYC
9098,0,0.0,0.0,0.0,0.0,0,0,BAYC
9105,0,0.0,0.0,0.0,0.0,0,0,BAYC
9079,0,0.0,0.0,0.0,0.0,0,0,BAYC
9103,0,0.0,0.0,0.0,0.0,0,0,BAYC
9107,0,0.0,0.0,0.0,0.0,0,0,BAYC
9080,0,0.0,0.0,0.0,0.0,0,0,BAYC
9056,0,0.0,0.0,0.0,0.0,0,0,BAYC
9062,0,0.0,0.0,0.0,0.0,0,0,BAYC
9067,0,0.0,0.0,0.0,0.0,0,0,BAYC
9075,0,0.0,0.0,0.0,0.0,0,0,BAYC
9057,0,0.0,0.0,0.0,0.0,0,0,BAYC
9076,0,0.0,0.0,0.0,0.0,0,0,BAYC
9068,0,0.0,0.0,0.0,0.0,0,0,BAYC
9058,0,0.0,0.0,0.0,0.0,0,0,BAYC
9060,0,0.0,0.0,0.0,0.0,0,0,BAYC
9061,0,0.0,0.0,0.0,0.0,0,0,BAYC
9054,0,0.0,0.0,0.0,0.0,0,0,BAYC
9069,0,0.0,0.0,0.0,0.0,0,0,BAYC
9055,0,0.0,0.0,0.0,0.0,0,0,BAYC
9070,0,0.0,0.0,0.0,0.0,0,0,BAYC
9063,0,0.0,0.0,0.0,0.0,0,0,BAYC
9072,0,0.0,0.0,0.0,0.0,0,0,BAYC
9065,0,0.0,0.0,0.0,0.0,0,0,BAYC
9077,0,0.0,0.0,0.0,0.0,0,0,BAYC
9064,0,0.0,0.0,0.0,0.0,0,0,BAYC
9071,0,0.0,0.0,0.0,0.0,0,0,BAYC
9074,0,0.0,0.0,0.0,0.0,0,0,BAYC
9066,0,0.0,0.0,0.0,0.0,0,0,BAYC
9073,0,0.0,0.0,0.0,0.0,0,0,BAYC
9059,0,0.0,0.0,0.0,0.0,0,0,BAYC
9030,0,0.0,0.0,0.0,0.0,0,0,BAYC
9029,0,0.0,0.0,0.0,0.0,0,0,BAYC
9035,0,0.0,0.0,0.0,0.0,0,0,BAYC
9053,0,0.0,0.0,0.0,0.0,0,0,BAYC
9027,0,0.0,0.0,0.0,0.0,0,0,BAYC
9032,0,0.0,0.0,0.0,0.0,0,0,BAYC
9044,0,0.0,0.0,0.0,0.0,0,0,BAYC
9037,0,0.0,0.0,0.0,0.0,0,0,BAYC
9024,0,0.0,0.0,0.0,0.0,0,0,BAYC
9031,0,0.0,0.0,0.0,0.0,0,0,BAYC
9026,0,0.0,0.0,0.0,0.0,0,0,BAYC
9023,0,0.0,0.0,0.0,0.0,0,0,BAYC
9050,0,0.0,0.0,0.0,0.0,0,0,BAYC
9051,0,0.0,0.0,0.0,0.0,0,0,BAYC
9043,0,0.0,0.0,0.0,0.0,0,0,BAYC
9038,0,0.0,0.0,0.0,0.0,0,0,BAYC
9046,0,0.0,0.0,0.0,0.0,0,0,BAYC
9034,0,0.0,0.0,0.0,0.0,0,0,BAYC
9028,0,0.0,0.0,0.0,0.0,0,0,BAYC
9040,0,0.0,0.0,0.0,0.0,0,0,BAYC
9025,0,0.0,0.0,0.0,0.0,0,0,BAYC
9033,0,0.0,0.0,0.0,0.0,0,0,BAYC
9045,0,0.0,0.0,0.0,0.0,0,0,BAYC
9048,0,0.0,0.0,0.0,0.0,0,0,BAYC
9041,0,0.0,0.0,0.0,0.0,0,0,BAYC
9047,0,0.0,0.0,0.0,0.0,0,0,BAYC
9052,0,0.0,0.0,0.0,0.0,0,0,BAYC
9039,0,0.0,0.0,0.0,0.0,0,0,BAYC
9036,0,0.0,0.0,0.0,0.0,0,0,BAYC
9042,0,0.0,0.0,0.0,0.0,0,0,BAYC
9049,0,0.0,0.0,0.0,0.0,0,0,BAYC
9020,0,0.0,0.0,0.0,0.0,0,0,BAYC
9019,0,0.0,0.0,0.0,0.0,0,0,BAYC
9021,0,0.0,0.0,0.0,0.0,0,0,BAYC
9018,0,0.0,0.0,0.0,0.0,0,0,BAYC
9022,0,0.0,0.0,0.0,0.0,0,0,BAYC
9017,0,0.0,0.0,0.0,0.0,0,0,BAYC
9008,0,0.0,0.0,0.0,0.0,0,0,BAYC
9012,0,0.0,0.0,0.0,0.0,0,0,BAYC
9007,0,0.0,0.0,0.0,0.0,0,0,BAYC
9014,0,0.0,0.0,0.0,0.0,0,0,BAYC
9010,0,0.0,0.0,0.0,0.0,0,0,BAYC
9006,0,0.0,0.0,0.0,0.0,0,0,BAYC
9016,0,0.0,0.0,0.0,0.0,0,0,BAYC
9015,0,0.0,0.0,0.0,0.0,0,0,BAYC
9009,0,0.0,0.0,0.0,0.0,0,0,BAYC
9011,0,0.0,0.0,0.0,0.0,0,0,BAYC
9013,0,0.0,0.0,0.0,0.0,0,0,BAYC
9002,0,0.0,0.0,0.0,0.0,0,0,BAYC
9005,0,0.0,0.0,0.0,0.0,0,0,BAYC
9004,0,0.0,0.0,0.0,0.0,0,0,BAYC
9003,0,0.0,0.0,0.0,0.0,0,0,BAYC
8979,0,0.0,0.0,0.0,0.0,0,0,BAYC
8994,0,0.0,0.0,0.0,0.0,0,0,BAYC
8968,0,0.0,0.0,0.0,0.0,0,0,BAYC
8960,0,0.0,0.0,0.0,0.0,0,0,BAYC
8958,0,0.0,0.0,0.0,0.0,0,0,BAYC
8965,0,0.0,0.0,0.0,0.0,0,0,BAYC
8993,0,0.0,0.0,0.0,0.0,0,0,BAYC
8976,0,0.0,0.0,0.0,0.0,0,0,BAYC
8992,0,0.0,0.0,0.0,0.0,0,0,BAYC
9000,0,0.0,0.0,0.0,0.0,0,0,BAYC
8980,0,0.0,0.0,0.0,0.0,0,0,BAYC
8995,0,0.0,0.0,0.0,0.0,0,0,BAYC
8963,0,0.0,0.0,0.0,0.0,0,0,BAYC
8990,0,0.0,0.0,0.0,0.0,0,0,BAYC
8966,0,0.0,0.0,0.0,0.0,0,0,BAYC
8974,0,0.0,0.0,0.0,0.0,0,0,BAYC
8971,0,0.0,0.0,0.0,0.0,0,0,BAYC
8972,0,0.0,0.0,0.0,0.0,0,0,BAYC
8964,0,0.0,0.0,0.0,0.0,0,0,BAYC
8967,0,0.0,0.0,0.0,0.0,0,0,BAYC
8997,0,0.0,0.0,0.0,0.0,0,0,BAYC
8988,0,0.0,0.0,0.0,0.0,0,0,BAYC
8978,0,0.0,0.0,0.0,0.0,0,0,BAYC
8999,0,0.0,0.0,0.0,0.0,0,0,BAYC
8973,0,0.0,0.0,0.0,0.0,0,0,BAYC
8989,0,0.0,0.0,0.0,0.0,0,0,BAYC
8986,0,0.0,0.0,0.0,0.0,0,0,BAYC
8982,0,0.0,0.0,0.0,0.0,0,0,BAYC
9001,0,0.0,0.0,0.0,0.0,0,0,BAYC
8983,0,0.0,0.0,0.0,0.0,0,0,BAYC
8957,0,0.0,0.0,0.0,0.0,0,0,BAYC
8977,0,0.0,0.0,0.0,0.0,0,0,BAYC
8962,0,0.0,0.0,0.0,0.0,0,0,BAYC
8984,0,0.0,0.0,0.0,0.0,0,0,BAYC
8987,0,0.0,0.0,0.0,0.0,0,0,BAYC
8969,0,0.0,0.0,0.0,0.0,0,0,BAYC
8959,0,0.0,0.0,0.0,0.0,0,0,BAYC
8981,0,0.0,0.0,0.0,0.0,0,0,BAYC
8975,0,0.0,0.0,0.0,0.0,0,0,BAYC
8998,0,0.0,0.0,0.0,0.0,0,0,BAYC
8970,0,0.0,0.0,0.0,0.0,0,0,BAYC
8985,0,0.0,0.0,0.0,0.0,0,0,BAYC
8961,0,0.0,0.0,0.0,0.0,0,0,BAYC
8996,0,0.0,0.0,0.0,0.0,0,0,BAYC
8991,0,0.0,0.0,0.0,0.0,0,0,BAYC
8933,0,0.0,0.0,0.0,0.0,0,0,BAYC
8922,0,0.0,0.0,0.0,0.0,0,0,BAYC
8926,0,0.0,0.0,0.0,0.0,0,0,BAYC
8928,0,0.0,0.0,0.0,0.0,0,0,BAYC
8945,0,0.0,0.0,0.0,0.0,0,0,BAYC
8909,0,0.0,0.0,0.0,0.0,0,0,BAYC
8905,0,0.0,0.0,0.0,0.0,0,0,BAYC
8924,0,0.0,0.0,0.0,0.0,0,0,BAYC
8914,0,0.0,0.0,0.0,0.0,0,0,BAYC
8950,0,0.0,0.0,0.0,0.0,0,0,BAYC
8947,0,0.0,0.0,0.0,0.0,0,0,BAYC
8911,0,0.0,0.0,0.0,0.0,0,0,BAYC
8920,0,0.0,0.0,0.0,0.0,0,0,BAYC
8916,0,0.0,0.0,0.0,0.0,0,0,BAYC
8912,0,0.0,0.0,0.0,0.0,0,0,BAYC
8915,0,0.0,0.0,0.0,0.0,0,0,BAYC
8936,0,0.0,0.0,0.0,0.0,0,0,BAYC
8948,0,0.0,0.0,0.0,0.0,0,0,BAYC
8906,0,0.0,0.0,0.0,0.0,0,0,BAYC
8952,0,0.0,0.0,0.0,0.0,0,0,BAYC
8907,0,0.0,0.0,0.0,0.0,0,0,BAYC
8931,0,0.0,0.0,0.0,0.0,0,0,BAYC
8902,0,0.0,0.0,0.0,0.0,0,0,BAYC
8938,0,0.0,0.0,0.0,0.0,0,0,BAYC
8925,0,0.0,0.0,0.0,0.0,0,0,BAYC
8903,0,0.0,0.0,0.0,0.0,0,0,BAYC
8917,0,0.0,0.0,0.0,0.0,0,0,BAYC
8954,0,0.0,0.0,0.0,0.0,0,0,BAYC
8918,0,0.0,0.0,0.0,0.0,0,0,BAYC
8942,0,0.0,0.0,0.0,0.0,0,0,BAYC
8939,0,0.0,0.0,0.0,0.0,0,0,BAYC
8923,0,0.0,0.0,0.0,0.0,0,0,BAYC
8934,0,0.0,0.0,0.0,0.0,0,0,BAYC
8951,0,0.0,0.0,0.0,0.0,0,0,BAYC
8953,0,0.0,0.0,0.0,0.0,0,0,BAYC
8904,0,0.0,0.0,0.0,0.0,0,0,BAYC
8955,0,0.0,0.0,0.0,0.0,0,0,BAYC
8940,0,0.0,0.0,0.0,0.0,0,0,BAYC
8927,0,0.0,0.0,0.0,0.0,0,0,BAYC
8921,0,0.0,0.0,0.0,0.0,0,0,BAYC
8937,0,0.0,0.0,0.0,0.0,0,0,BAYC
8935,0,0.0,0.0,0.0,0.0,0,0,BAYC
8930,0,0.0,0.0,0.0,0.0,0,0,BAYC
8908,0,0.0,0.0,0.0,0.0,0,0,BAYC
8956,0,0.0,0.0,0.0,0.0,0,0,BAYC
8929,0,0.0,0.0,0.0,0.0,0,0,BAYC
8932,0,0.0,0.0,0.0,0.0,0,0,BAYC
8944,0,0.0,0.0,0.0,0.0,0,0,BAYC
8910,0,0.0,0.0,0.0,0.0,0,0,BAYC
8913,0,0.0,0.0,0.0,0.0,0,0,BAYC
8919,0,0.0,0.0,0.0,0.0,0,0,BAYC
8949,0,0.0,0.0,0.0,0.0,0,0,BAYC
8943,0,0.0,0.0,0.0,0.0,0,0,BAYC
8941,0,0.0,0.0,0.0,0.0,0,0,BAYC
8946,0,0.0,0.0,0.0,0.0,0,0,BAYC
8859,0,0.0,0.0,0.0,0.0,0,0,BAYC
8865,0,0.0,0.0,0.0,0.0,0,0,BAYC
8849,0,0.0,0.0,0.0,0.0,0,0,BAYC
8873,0,0.0,0.0,0.0,0.0,0,0,BAYC
8876,0,0.0,0.0,0.0,0.0,0,0,BAYC
8883,0,0.0,0.0,0.0,0.0,0,0,BAYC
8900,0,0.0,0.0,0.0,0.0,0,0,BAYC
8886,0,0.0,0.0,0.0,0.0,0,0,BAYC
8872,0,0.0,0.0,0.0,0.0,0,0,BAYC
8857,0,0.0,0.0,0.0,0.0,0,0,BAYC
8892,0,0.0,0.0,0.0,0.0,0,0,BAYC
8879,0,0.0,0.0,0.0,0.0,0,0,BAYC
8898,0,0.0,0.0,0.0,0.0,0,0,BAYC
8895,0,0.0,0.0,0.0,0.0,0,0,BAYC
8877,0,0.0,0.0,0.0,0.0,0,0,BAYC
8851,0,0.0,0.0,0.0,0.0,0,0,BAYC
8899,0,0.0,0.0,0.0,0.0,0,0,BAYC
8889,0,0.0,0.0,0.0,0.0,0,0,BAYC
8897,0,0.0,0.0,0.0,0.0,0,0,BAYC
8893,0,0.0,0.0,0.0,0.0,0,0,BAYC
8888,0,0.0,0.0,0.0,0.0,0,0,BAYC
8863,0,0.0,0.0,0.0,0.0,0,0,BAYC
8880,0,0.0,0.0,0.0,0.0,0,0,BAYC
8894,0,0.0,0.0,0.0,0.0,0,0,BAYC
8875,0,0.0,0.0,0.0,0.0,0,0,BAYC
8890,0,0.0,0.0,0.0,0.0,0,0,BAYC
8856,0,0.0,0.0,0.0,0.0,0,0,BAYC
8861,0,0.0,0.0,0.0,0.0,0,0,BAYC
8854,0,0.0,0.0,0.0,0.0,0,0,BAYC
8855,0,0.0,0.0,0.0,0.0,0,0,BAYC
8848,0,0.0,0.0,0.0,0.0,0,0,BAYC
8885,0,0.0,0.0,0.0,0.0,0,0,BAYC
8858,0,0.0,0.0,0.0,0.0,0,0,BAYC
8896,0,0.0,0.0,0.0,0.0,0,0,BAYC
8852,0,0.0,0.0,0.0,0.0,0,0,BAYC
8869,0,0.0,0.0,0.0,0.0,0,0,BAYC
8864,0,0.0,0.0,0.0,0.0,0,0,BAYC
8862,0,0.0,0.0,0.0,0.0,0,0,BAYC
8871,0,0.0,0.0,0.0,0.0,0,0,BAYC
8850,0,0.0,0.0,0.0,0.0,0,0,BAYC
8881,0,0.0,0.0,0.0,0.0,0,0,BAYC
8853,0,0.0,0.0,0.0,0.0,0,0,BAYC
8870,0,0.0,0.0,0.0,0.0,0,0,BAYC
8884,0,0.0,0.0,0.0,0.0,0,0,BAYC
8891,0,0.0,0.0,0.0,0.0,0,0,BAYC
8887,0,0.0,0.0,0.0,0.0,0,0,BAYC
8901,0,0.0,0.0,0.0,0.0,0,0,BAYC
8867,0,0.0,0.0,0.0,0.0,0,0,BAYC
8882,0,0.0,0.0,0.0,0.0,0,0,BAYC
8874,0,0.0,0.0,0.0,0.0,0,0,BAYC
8878,0,0.0,0.0,0.0,0.0,0,0,BAYC
8866,0,0.0,0.0,0.0,0.0,0,0,BAYC
8868,0,0.0,0.0,0.0,0.0,0,0,BAYC
8847,0,0.0,0.0,0.0,0.0,0,0,BAYC
8845,0,0.0,0.0,0.0,0.0,0,0,BAYC
8844,0,0.0,0.0,0.0,0.0,0,0,BAYC
8843,0,0.0,0.0,0.0,0.0,0,0,BAYC
8846,0,0.0,0.0,0.0,0.0,0,0,BAYC
8830,0,0.0,0.0,0.0,0.0,0,0,BAYC
8829,0,0.0,0.0,0.0,0.0,0,0,BAYC
8817,0,0.0,0.0,0.0,0.0,0,0,BAYC
8838,0,0.0,0.0,0.0,0.0,0,0,BAYC
8825,0,0.0,0.0,0.0,0.0,0,0,BAYC
8841,0,0.0,0.0,0.0,0.0,0,0,BAYC
8827,0,0.0,0.0,0.0,0.0,0,0,BAYC
8831,0,0.0,0.0,0.0,0.0,0,0,BAYC
8836,0,0.0,0.0,0.0,0.0,0,0,BAYC
8822,0,0.0,0.0,0.0,0.0,0,0,BAYC
8819,0,0.0,0.0,0.0,0.0,0,0,BAYC
8833,0,0.0,0.0,0.0,0.0,0,0,BAYC
8820,0,0.0,0.0,0.0,0.0,0,0,BAYC
8815,0,0.0,0.0,0.0,0.0,0,0,BAYC
8821,0,0.0,0.0,0.0,0.0,0,0,BAYC
8834,0,0.0,0.0,0.0,0.0,0,0,BAYC
8840,0,0.0,0.0,0.0,0.0,0,0,BAYC
8824,0,0.0,0.0,0.0,0.0,0,0,BAYC
8835,0,0.0,0.0,0.0,0.0,0,0,BAYC
8839,0,0.0,0.0,0.0,0.0,0,0,BAYC
8816,0,0.0,0.0,0.0,0.0,0,0,BAYC
8828,0,0.0,0.0,0.0,0.0,0,0,BAYC
8837,0,0.0,0.0,0.0,0.0,0,0,BAYC
8814,0,0.0,0.0,0.0,0.0,0,0,BAYC
8823,0,0.0,0.0,0.0,0.0,0,0,BAYC
8842,0,0.0,0.0,0.0,0.0,0,0,BAYC
8818,0,0.0,0.0,0.0,0.0,0,0,BAYC
8826,0,0.0,0.0,0.0,0.0,0,0,BAYC
8832,0,0.0,0.0,0.0,0.0,0,0,BAYC
8811,0,0.0,0.0,0.0,0.0,0,0,BAYC
8813,0,0.0,0.0,0.0,0.0,0,0,BAYC
8797,0,0.0,0.0,0.0,0.0,0,0,BAYC
8805,0,0.0,0.0,0.0,0.0,0,0,BAYC
8798,0,0.0,0.0,0.0,0.0,0,0,BAYC
8804,0,0.0,0.0,0.0,0.0,0,0,BAYC
8802,0,0.0,0.0,0.0,0.0,0,0,BAYC
8803,0,0.0,0.0,0.0,0.0,0,0,BAYC
8809,0,0.0,0.0,0.0,0.0,0,0,BAYC
8810,0,0.0,0.0,0.0,0.0,0,0,BAYC
8799,0,0.0,0.0,0.0,0.0,0,0,BAYC
8807,0,0.0,0.0,0.0,0.0,0,0,BAYC
8812,0,0.0,0.0,0.0,0.0,0,0,BAYC
8800,0,0.0,0.0,0.0,0.0,0,0,BAYC
8801,0,0.0,0.0,0.0,0.0,0,0,BAYC
8806,0,0.0,0.0,0.0,0.0,0,0,BAYC
8808,0,0.0,0.0,0.0,0.0,0,0,BAYC
8793,0,0.0,0.0,0.0,0.0,0,0,BAYC
8796,0,0.0,0.0,0.0,0.0,0,0,BAYC
8794,0,0.0,0.0,0.0,0.0,0,0,BAYC
8792,0,0.0,0.0,0.0,0.0,0,0,BAYC
8795,0,0.0,0.0,0.0,0.0,0,0,BAYC
8780,0,0.0,0.0,0.0,0.0,0,0,BAYC
8775,0,0.0,0.0,0.0,0.0,0,0,BAYC
8783,0,0.0,0.0,0.0,0.0,0,0,BAYC
8788,0,0.0,0.0,0.0,0.0,0,0,BAYC
8787,0,0.0,0.0,0.0,0.0,0,0,BAYC
8790,0,0.0,0.0,0.0,0.0,0,0,BAYC
8772,0,0.0,0.0,0.0,0.0,0,0,BAYC
8782,0,0.0,0.0,0.0,0.0,0,0,BAYC
8763,0,0.0,0.0,0.0,0.0,0,0,BAYC
8784,0,0.0,0.0,0.0,0.0,0,0,BAYC
8791,0,0.0,0.0,0.0,0.0,0,0,BAYC
8776,0,0.0,0.0,0.0,0.0,0,0,BAYC
8765,0,0.0,0.0,0.0,0.0,0,0,BAYC
8774,0,0.0,0.0,0.0,0.0,0,0,BAYC
8785,0,0.0,0.0,0.0,0.0,0,0,BAYC
8770,0,0.0,0.0,0.0,0.0,0,0,BAYC
8762,0,0.0,0.0,0.0,0.0,0,0,BAYC
8779,0,0.0,0.0,0.0,0.0,0,0,BAYC
8764,0,0.0,0.0,0.0,0.0,0,0,BAYC
8768,0,0.0,0.0,0.0,0.0,0,0,BAYC
8758,0,0.0,0.0,0.0,0.0,0,0,BAYC
8781,0,0.0,0.0,0.0,0.0,0,0,BAYC
8777,0,0.0,0.0,0.0,0.0,0,0,BAYC
8778,0,0.0,0.0,0.0,0.0,0,0,BAYC
8786,0,0.0,0.0,0.0,0.0,0,0,BAYC
8759,0,0.0,0.0,0.0,0.0,0,0,BAYC
8789,0,0.0,0.0,0.0,0.0,0,0,BAYC
8767,0,0.0,0.0,0.0,0.0,0,0,BAYC
8766,0,0.0,0.0,0.0,0.0,0,0,BAYC
8769,0,0.0,0.0,0.0,0.0,0,0,BAYC
8773,0,0.0,0.0,0.0,0.0,0,0,BAYC
8761,0,0.0,0.0,0.0,0.0,0,0,BAYC
8771,0,0.0,0.0,0.0,0.0,0,0,BAYC
8760,0,0.0,0.0,0.0,0.0,0,0,BAYC
8706,0,0.0,0.0,0.0,0.0,0,0,BAYC
8757,0,0.0,0.0,0.0,0.0,0,0,BAYC
8729,0,0.0,0.0,0.0,0.0,0,0,BAYC
8713,0,0.0,0.0,0.0,0.0,0,0,BAYC
8694,0,0.0,0.0,0.0,0.0,0,0,BAYC
8741,0,0.0,0.0,0.0,0.0,0,0,BAYC
8692,0,0.0,0.0,0.0,0.0,0,0,BAYC
8749,0,0.0,0.0,0.0,0.0,0,0,BAYC
8737,0,0.0,0.0,0.0,0.0,0,0,BAYC
8718,0,0.0,0.0,0.0,0.0,0,0,BAYC
8725,0,0.0,0.0,0.0,0.0,0,0,BAYC
8695,0,0.0,0.0,0.0,0.0,0,0,BAYC
8697,0,0.0,0.0,0.0,0.0,0,0,BAYC
8754,0,0.0,0.0,0.0,0.0,0,0,BAYC
8742,0,0.0,0.0,0.0,0.0,0,0,BAYC
8753,0,0.0,0.0,0.0,0.0,0,0,BAYC
8730,0,0.0,0.0,0.0,0.0,0,0,BAYC
8721,0,0.0,0.0,0.0,0.0,0,0,BAYC
8696,0,0.0,0.0,0.0,0.0,0,0,BAYC
8703,0,0.0,0.0,0.0,0.0,0,0,BAYC
8710,0,0.0,0.0,0.0,0.0,0,0,BAYC
8712,0,0.0,0.0,0.0,0.0,0,0,BAYC
8755,0,0.0,0.0,0.0,0.0,0,0,BAYC
8735,0,0.0,0.0,0.0,0.0,0,0,BAYC
8723,0,0.0,0.0,0.0,0.0,0,0,BAYC
8711,0,0.0,0.0,0.0,0.0,0,0,BAYC
8732,0,0.0,0.0,0.0,0.0,0,0,BAYC
8702,0,0.0,0.0,0.0,0.0,0,0,BAYC
8756,0,0.0,0.0,0.0,0.0,0,0,BAYC
8746,0,0.0,0.0,0.0,0.0,0,0,BAYC
8740,0,0.0,0.0,0.0,0.0,0,0,BAYC
8699,0,0.0,0.0,0.0,0.0,0,0,BAYC
8714,0,0.0,0.0,0.0,0.0,0,0,BAYC
8739,0,0.0,0.0,0.0,0.0,0,0,BAYC
8700,0,0.0,0.0,0.0,0.0,0,0,BAYC
8728,0,0.0,0.0,0.0,0.0,0,0,BAYC
8716,0,0.0,0.0,0.0,0.0,0,0,BAYC
8744,0,0.0,0.0,0.0,0.0,0,0,BAYC
8722,0,0.0,0.0,0.0,0.0,0,0,BAYC
8745,0,0.0,0.0,0.0,0.0,0,0,BAYC
8727,0,0.0,0.0,0.0,0.0,0,0,BAYC
8720,0,0.0,0.0,0.0,0.0,0,0,BAYC
8750,0,0.0,0.0,0.0,0.0,0,0,BAYC
8707,0,0.0,0.0,0.0,0.0,0,0,BAYC
8752,0,0.0,0.0,0.0,0.0,0,0,BAYC
8734,0,0.0,0.0,0.0,0.0,0,0,BAYC
8709,0,0.0,0.0,0.0,0.0,0,0,BAYC
8705,0,0.0,0.0,0.0,0.0,0,0,BAYC
8701,0,0.0,0.0,0.0,0.0,0,0,BAYC
8715,0,0.0,0.0,0.0,0.0,0,0,BAYC
8738,0,0.0,0.0,0.0,0.0,0,0,BAYC
8733,0,0.0,0.0,0.0,0.0,0,0,BAYC
8747,0,0.0,0.0,0.0,0.0,0,0,BAYC
8748,0,0.0,0.0,0.0,0.0,0,0,BAYC
8726,0,0.0,0.0,0.0,0.0,0,0,BAYC
8724,0,0.0,0.0,0.0,0.0,0,0,BAYC
8698,0,0.0,0.0,0.0,0.0,0,0,BAYC
8731,0,0.0,0.0,0.0,0.0,0,0,BAYC
8751,0,0.0,0.0,0.0,0.0,0,0,BAYC
8719,0,0.0,0.0,0.0,0.0,0,0,BAYC
8708,0,0.0,0.0,0.0,0.0,0,0,BAYC
8736,0,0.0,0.0,0.0,0.0,0,0,BAYC
8717,0,0.0,0.0,0.0,0.0,0,0,BAYC
8704,0,0.0,0.0,0.0,0.0,0,0,BAYC
8743,0,0.0,0.0,0.0,0.0,0,0,BAYC
8693,0,0.0,0.0,0.0,0.0,0,0,BAYC
8682,0,0.0,0.0,0.0,0.0,0,0,BAYC
8671,0,0.0,0.0,0.0,0.0,0,0,BAYC
8669,0,0.0,0.0,0.0,0.0,0,0,BAYC
8690,0,0.0,0.0,0.0,0.0,0,0,BAYC
8672,0,0.0,0.0,0.0,0.0,0,0,BAYC
8691,0,0.0,0.0,0.0,0.0,0,0,BAYC
8684,0,0.0,0.0,0.0,0.0,0,0,BAYC
8688,0,0.0,0.0,0.0,0.0,0,0,BAYC
8666,0,0.0,0.0,0.0,0.0,0,0,BAYC
8687,0,0.0,0.0,0.0,0.0,0,0,BAYC
8674,0,0.0,0.0,0.0,0.0,0,0,BAYC
8667,0,0.0,0.0,0.0,0.0,0,0,BAYC
8683,0,0.0,0.0,0.0,0.0,0,0,BAYC
8679,0,0.0,0.0,0.0,0.0,0,0,BAYC
8686,0,0.0,0.0,0.0,0.0,0,0,BAYC
8689,0,0.0,0.0,0.0,0.0,0,0,BAYC
8675,0,0.0,0.0,0.0,0.0,0,0,BAYC
8676,0,0.0,0.0,0.0,0.0,0,0,BAYC
8678,0,0.0,0.0,0.0,0.0,0,0,BAYC
8670,0,0.0,0.0,0.0,0.0,0,0,BAYC
8685,0,0.0,0.0,0.0,0.0,0,0,BAYC
8677,0,0.0,0.0,0.0,0.0,0,0,BAYC
8681,0,0.0,0.0,0.0,0.0,0,0,BAYC
8680,0,0.0,0.0,0.0,0.0,0,0,BAYC
8673,0,0.0,0.0,0.0,0.0,0,0,BAYC
8668,0,0.0,0.0,0.0,0.0,0,0,BAYC
8615,0,0.0,0.0,0.0,0.0,0,0,BAYC
8631,0,0.0,0.0,0.0,0.0,0,0,BAYC
8622,0,0.0,0.0,0.0,0.0,0,0,BAYC
8618,0,0.0,0.0,0.0,0.0,0,0,BAYC
8608,0,0.0,0.0,0.0,0.0,0,0,BAYC
8656,0,0.0,0.0,0.0,0.0,0,0,BAYC
8635,0,0.0,0.0,0.0,0.0,0,0,BAYC
8620,0,0.0,0.0,0.0,0.0,0,0,BAYC
8642,0,0.0,0.0,0.0,0.0,0,0,BAYC
8621,0,0.0,0.0,0.0,0.0,0,0,BAYC
8663,0,0.0,0.0,0.0,0.0,0,0,BAYC
8627,0,0.0,0.0,0.0,0.0,0,0,BAYC
8606,0,0.0,0.0,0.0,0.0,0,0,BAYC
8654,0,0.0,0.0,0.0,0.0,0,0,BAYC
8646,0,0.0,0.0,0.0,0.0,0,0,BAYC
8607,0,0.0,0.0,0.0,0.0,0,0,BAYC
8639,0,0.0,0.0,0.0,0.0,0,0,BAYC
8619,0,0.0,0.0,0.0,0.0,0,0,BAYC
8649,0,0.0,0.0,0.0,0.0,0,0,BAYC
8614,0,0.0,0.0,0.0,0.0,0,0,BAYC
8644,0,0.0,0.0,0.0,0.0,0,0,BAYC
8625,0,0.0,0.0,0.0,0.0,0,0,BAYC
8612,0,0.0,0.0,0.0,0.0,0,0,BAYC
8609,0,0.0,0.0,0.0,0.0,0,0,BAYC
8641,0,0.0,0.0,0.0,0.0,0,0,BAYC
8617,0,0.0,0.0,0.0,0.0,0,0,BAYC
8632,0,0.0,0.0,0.0,0.0,0,0,BAYC
8636,0,0.0,0.0,0.0,0.0,0,0,BAYC
8658,0,0.0,0.0,0.0,0.0,0,0,BAYC
8651,0,0.0,0.0,0.0,0.0,0,0,BAYC
8657,0,0.0,0.0,0.0,0.0,0,0,BAYC
8637,0,0.0,0.0,0.0,0.0,0,0,BAYC
8624,0,0.0,0.0,0.0,0.0,0,0,BAYC
8634,0,0.0,0.0,0.0,0.0,0,0,BAYC
8623,0,0.0,0.0,0.0,0.0,0,0,BAYC
8629,0,0.0,0.0,0.0,0.0,0,0,BAYC
8665,0,0.0,0.0,0.0,0.0,0,0,BAYC
8648,0,0.0,0.0,0.0,0.0,0,0,BAYC
8611,0,0.0,0.0,0.0,0.0,0,0,BAYC
8661,0,0.0,0.0,0.0,0.0,0,0,BAYC
8653,0,0.0,0.0,0.0,0.0,0,0,BAYC
8633,0,0.0,0.0,0.0,0.0,0,0,BAYC
8640,0,0.0,0.0,0.0,0.0,0,0,BAYC
8659,0,0.0,0.0,0.0,0.0,0,0,BAYC
8605,0,0.0,0.0,0.0,0.0,0,0,BAYC
8616,0,0.0,0.0,0.0,0.0,0,0,BAYC
8638,0,0.0,0.0,0.0,0.0,0,0,BAYC
8664,0,0.0,0.0,0.0,0.0,0,0,BAYC
8652,0,0.0,0.0,0.0,0.0,0,0,BAYC
8613,0,0.0,0.0,0.0,0.0,0,0,BAYC
8626,0,0.0,0.0,0.0,0.0,0,0,BAYC
8662,0,0.0,0.0,0.0,0.0,0,0,BAYC
8660,0,0.0,0.0,0.0,0.0,0,0,BAYC
8604,0,0.0,0.0,0.0,0.0,0,0,BAYC
8650,0,0.0,0.0,0.0,0.0,0,0,BAYC
8630,0,0.0,0.0,0.0,0.0,0,0,BAYC
8645,0,0.0,0.0,0.0,0.0,0,0,BAYC
8628,0,0.0,0.0,0.0,0.0,0,0,BAYC
8655,0,0.0,0.0,0.0,0.0,0,0,BAYC
8610,0,0.0,0.0,0.0,0.0,0,0,BAYC
8647,0,0.0,0.0,0.0,0.0,0,0,BAYC
8643,0,0.0,0.0,0.0,0.0,0,0,BAYC
8595,0,0.0,0.0,0.0,0.0,0,0,BAYC
8594,0,0.0,0.0,0.0,0.0,0,0,BAYC
8603,0,0.0,0.0,0.0,0.0,0,0,BAYC
8597,0,0.0,0.0,0.0,0.0,0,0,BAYC
8599,0,0.0,0.0,0.0,0.0,0,0,BAYC
8600,0,0.0,0.0,0.0,0.0,0,0,BAYC
8598,0,0.0,0.0,0.0,0.0,0,0,BAYC
8602,0,0.0,0.0,0.0,0.0,0,0,BAYC
8593,0,0.0,0.0,0.0,0.0,0,0,BAYC
8596,0,0.0,0.0,0.0,0.0,0,0,BAYC
8601,0,0.0,0.0,0.0,0.0,0,0,BAYC
8562,0,0.0,0.0,0.0,0.0,0,0,BAYC
8588,0,0.0,0.0,0.0,0.0,0,0,BAYC
8563,0,0.0,0.0,0.0,0.0,0,0,BAYC
8573,0,0.0,0.0,0.0,0.0,0,0,BAYC
8546,0,0.0,0.0,0.0,0.0,0,0,BAYC
8560,0,0.0,0.0,0.0,0.0,0,0,BAYC
8592,0,0.0,0.0,0.0,0.0,0,0,BAYC
8538,0,0.0,0.0,0.0,0.0,0,0,BAYC
8543,0,0.0,0.0,0.0,0.0,0,0,BAYC
8559,0,0.0,0.0,0.0,0.0,0,0,BAYC
8558,0,0.0,0.0,0.0,0.0,0,0,BAYC
8572,0,0.0,0.0,0.0,0.0,0,0,BAYC
8545,0,0.0,0.0,0.0,0.0,0,0,BAYC
8565,0,0.0,0.0,0.0,0.0,0,0,BAYC
8587,0,0.0,0.0,0.0,0.0,0,0,BAYC
8574,0,0.0,0.0,0.0,0.0,0,0,BAYC
8584,0,0.0,0.0,0.0,0.0,0,0,BAYC
8585,0,0.0,0.0,0.0,0.0,0,0,BAYC
8542,0,0.0,0.0,0.0,0.0,0,0,BAYC
8568,0,0.0,0.0,0.0,0.0,0,0,BAYC
8544,0,0.0,0.0,0.0,0.0,0,0,BAYC
8567,0,0.0,0.0,0.0,0.0,0,0,BAYC
8578,0,0.0,0.0,0.0,0.0,0,0,BAYC
8569,0,0.0,0.0,0.0,0.0,0,0,BAYC
8571,0,0.0,0.0,0.0,0.0,0,0,BAYC
8555,0,0.0,0.0,0.0,0.0,0,0,BAYC
8553,0,0.0,0.0,0.0,0.0,0,0,BAYC
8547,0,0.0,0.0,0.0,0.0,0,0,BAYC
8590,0,0.0,0.0,0.0,0.0,0,0,BAYC
8575,0,0.0,0.0,0.0,0.0,0,0,BAYC
8566,0,0.0,0.0,0.0,0.0,0,0,BAYC
8591,0,0.0,0.0,0.0,0.0,0,0,BAYC
8561,0,0.0,0.0,0.0,0.0,0,0,BAYC
8548,0,0.0,0.0,0.0,0.0,0,0,BAYC
8552,0,0.0,0.0,0.0,0.0,0,0,BAYC
8551,0,0.0,0.0,0.0,0.0,0,0,BAYC
8580,0,0.0,0.0,0.0,0.0,0,0,BAYC
8576,0,0.0,0.0,0.0,0.0,0,0,BAYC
8581,0,0.0,0.0,0.0,0.0,0,0,BAYC
8564,0,0.0,0.0,0.0,0.0,0,0,BAYC
8554,0,0.0,0.0,0.0,0.0,0,0,BAYC
8577,0,0.0,0.0,0.0,0.0,0,0,BAYC
8589,0,0.0,0.0,0.0,0.0,0,0,BAYC
8556,0,0.0,0.0,0.0,0.0,0,0,BAYC
8539,0,0.0,0.0,0.0,0.0,0,0,BAYC
8583,0,0.0,0.0,0.0,0.0,0,0,BAYC
8541,0,0.0,0.0,0.0,0.0,0,0,BAYC
8586,0,0.0,0.0,0.0,0.0,0,0,BAYC
8550,0,0.0,0.0,0.0,0.0,0,0,BAYC
8540,0,0.0,0.0,0.0,0.0,0,0,BAYC
8570,0,0.0,0.0,0.0,0.0,0,0,BAYC
8579,0,0.0,0.0,0.0,0.0,0,0,BAYC
8582,0,0.0,0.0,0.0,0.0,0,0,BAYC
8549,0,0.0,0.0,0.0,0.0,0,0,BAYC
8557,0,0.0,0.0,0.0,0.0,0,0,BAYC
8516,0,0.0,0.0,0.0,0.0,0,0,BAYC
8532,0,0.0,0.0,0.0,0.0,0,0,BAYC
8522,0,0.0,0.0,0.0,0.0,0,0,BAYC
8525,0,0.0,0.0,0.0,0.0,0,0,BAYC
8531,0,0.0,0.0,0.0,0.0,0,0,BAYC
8523,0,0.0,0.0,0.0,0.0,0,0,BAYC
8535,0,0.0,0.0,0.0,0.0,0,0,BAYC
8521,0,0.0,0.0,0.0,0.0,0,0,BAYC
8519,0,0.0,0.0,0.0,0.0,0,0,BAYC
8520,0,0.0,0.0,0.0,0.0,0,0,BAYC
8533,0,0.0,0.0,0.0,0.0,0,0,BAYC
8513,0,0.0,0.0,0.0,0.0,0,0,BAYC
8527,0,0.0,0.0,0.0,0.0,0,0,BAYC
8530,0,0.0,0.0,0.0,0.0,0,0,BAYC
8518,0,0.0,0.0,0.0,0.0,0,0,BAYC
8512,0,0.0,0.0,0.0,0.0,0,0,BAYC
8515,0,0.0,0.0,0.0,0.0,0,0,BAYC
8534,0,0.0,0.0,0.0,0.0,0,0,BAYC
8529,0,0.0,0.0,0.0,0.0,0,0,BAYC
8536,0,0.0,0.0,0.0,0.0,0,0,BAYC
8526,0,0.0,0.0,0.0,0.0,0,0,BAYC
8537,0,0.0,0.0,0.0,0.0,0,0,BAYC
8517,0,0.0,0.0,0.0,0.0,0,0,BAYC
8524,0,0.0,0.0,0.0,0.0,0,0,BAYC
8514,0,0.0,0.0,0.0,0.0,0,0,BAYC
8528,0,0.0,0.0,0.0,0.0,0,0,BAYC
8511,0,0.0,0.0,0.0,0.0,0,0,BAYC
8480,0,0.0,0.0,0.0,0.0,0,0,BAYC
8470,0,0.0,0.0,0.0,0.0,0,0,BAYC
8465,0,0.0,0.0,0.0,0.0,0,0,BAYC
8502,0,0.0,0.0,0.0,0.0,0,0,BAYC
8510,0,0.0,0.0,0.0,0.0,0,0,BAYC
8501,0,0.0,0.0,0.0,0.0,0,0,BAYC
8474,0,0.0,0.0,0.0,0.0,0,0,BAYC
8509,0,0.0,0.0,0.0,0.0,0,0,BAYC
8475,0,0.0,0.0,0.0,0.0,0,0,BAYC
8493,0,0.0,0.0,0.0,0.0,0,0,BAYC
8508,0,0.0,0.0,0.0,0.0,0,0,BAYC
8489,0,0.0,0.0,0.0,0.0,0,0,BAYC
8468,0,0.0,0.0,0.0,0.0,0,0,BAYC
8504,0,0.0,0.0,0.0,0.0,0,0,BAYC
8481,0,0.0,0.0,0.0,0.0,0,0,BAYC
8506,0,0.0,0.0,0.0,0.0,0,0,BAYC
8476,0,0.0,0.0,0.0,0.0,0,0,BAYC
8498,0,0.0,0.0,0.0,0.0,0,0,BAYC
8486,0,0.0,0.0,0.0,0.0,0,0,BAYC
8492,0,0.0,0.0,0.0,0.0,0,0,BAYC
8469,0,0.0,0.0,0.0,0.0,0,0,BAYC
8494,0,0.0,0.0,0.0,0.0,0,0,BAYC
8466,0,0.0,0.0,0.0,0.0,0,0,BAYC
8477,0,0.0,0.0,0.0,0.0,0,0,BAYC
8484,0,0.0,0.0,0.0,0.0,0,0,BAYC
8507,0,0.0,0.0,0.0,0.0,0,0,BAYC
8488,0,0.0,0.0,0.0,0.0,0,0,BAYC
8473,0,0.0,0.0,0.0,0.0,0,0,BAYC
8500,0,0.0,0.0,0.0,0.0,0,0,BAYC
8496,0,0.0,0.0,0.0,0.0,0,0,BAYC
8487,0,0.0,0.0,0.0,0.0,0,0,BAYC
8495,0,0.0,0.0,0.0,0.0,0,0,BAYC
8467,0,0.0,0.0,0.0,0.0,0,0,BAYC
8472,0,0.0,0.0,0.0,0.0,0,0,BAYC
8485,0,0.0,0.0,0.0,0.0,0,0,BAYC
8491,0,0.0,0.0,0.0,0.0,0,0,BAYC
8490,0,0.0,0.0,0.0,0.0,0,0,BAYC
8478,0,0.0,0.0,0.0,0.0,0,0,BAYC
8497,0,0.0,0.0,0.0,0.0,0,0,BAYC
8505,0,0.0,0.0,0.0,0.0,0,0,BAYC
8471,0,0.0,0.0,0.0,0.0,0,0,BAYC
8479,0,0.0,0.0,0.0,0.0,0,0,BAYC
8499,0,0.0,0.0,0.0,0.0,0,0,BAYC
8503,0,0.0,0.0,0.0,0.0,0,0,BAYC
8483,0,0.0,0.0,0.0,0.0,0,0,BAYC
8482,0,0.0,0.0,0.0,0.0,0,0,BAYC
8457,0,0.0,0.0,0.0,0.0,0,0,BAYC
8459,0,0.0,0.0,0.0,0.0,0,0,BAYC
8460,0,0.0,0.0,0.0,0.0,0,0,BAYC
8450,0,0.0,0.0,0.0,0.0,0,0,BAYC
8461,0,0.0,0.0,0.0,0.0,0,0,BAYC
8456,0,0.0,0.0,0.0,0.0,0,0,BAYC
8448,0,0.0,0.0,0.0,0.0,0,0,BAYC
8463,0,0.0,0.0,0.0,0.0,0,0,BAYC
8455,0,0.0,0.0,0.0,0.0,0,0,BAYC
8447,0,0.0,0.0,0.0,0.0,0,0,BAYC
8449,0,0.0,0.0,0.0,0.0,0,0,BAYC
8458,0,0.0,0.0,0.0,0.0,0,0,BAYC
8464,0,0.0,0.0,0.0,0.0,0,0,BAYC
8452,0,0.0,0.0,0.0,0.0,0,0,BAYC
8451,0,0.0,0.0,0.0,0.0,0,0,BAYC
8454,0,0.0,0.0,0.0,0.0,0,0,BAYC
8453,0,0.0,0.0,0.0,0.0,0,0,BAYC
8462,0,0.0,0.0,0.0,0.0,0,0,BAYC
8439,0,0.0,0.0,0.0,0.0,0,0,BAYC
8433,0,0.0,0.0,0.0,0.0,0,0,BAYC
8428,0,0.0,0.0,0.0,0.0,0,0,BAYC
8424,0,0.0,0.0,0.0,0.0,0,0,BAYC
8431,0,0.0,0.0,0.0,0.0,0,0,BAYC
8427,0,0.0,0.0,0.0,0.0,0,0,BAYC
8426,0,0.0,0.0,0.0,0.0,0,0,BAYC
8429,0,0.0,0.0,0.0,0.0,0,0,BAYC
8444,0,0.0,0.0,0.0,0.0,0,0,BAYC
8408,0,0.0,0.0,0.0,0.0,0,0,BAYC
8422,0,0.0,0.0,0.0,0.0,0,0,BAYC
8420,0,0.0,0.0,0.0,0.0,0,0,BAYC
8430,0,0.0,0.0,0.0,0.0,0,0,BAYC
8438,0,0.0,0.0,0.0,0.0,0,0,BAYC
8443,0,0.0,0.0,0.0,0.0,0,0,BAYC
8446,0,0.0,0.0,0.0,0.0,0,0,BAYC
8410,0,0.0,0.0,0.0,0.0,0,0,BAYC
8445,0,0.0,0.0,0.0,0.0,0,0,BAYC
8421,0,0.0,0.0,0.0,0.0,0,0,BAYC
8436,0,0.0,0.0,0.0,0.0,0,0,BAYC
8440,0,0.0,0.0,0.0,0.0,0,0,BAYC
8417,0,0.0,0.0,0.0,0.0,0,0,BAYC
8414,0,0.0,0.0,0.0,0.0,0,0,BAYC
8418,0,0.0,0.0,0.0,0.0,0,0,BAYC
8412,0,0.0,0.0,0.0,0.0,0,0,BAYC
8442,0,0.0,0.0,0.0,0.0,0,0,BAYC
8434,0,0.0,0.0,0.0,0.0,0,0,BAYC
8416,0,0.0,0.0,0.0,0.0,0,0,BAYC
8425,0,0.0,0.0,0.0,0.0,0,0,BAYC
8411,0,0.0,0.0,0.0,0.0,0,0,BAYC
8409,0,0.0,0.0,0.0,0.0,0,0,BAYC
8423,0,0.0,0.0,0.0,0.0,0,0,BAYC
8441,0,0.0,0.0,0.0,0.0,0,0,BAYC
8419,0,0.0,0.0,0.0,0.0,0,0,BAYC
8432,0,0.0,0.0,0.0,0.0,0,0,BAYC
8437,0,0.0,0.0,0.0,0.0,0,0,BAYC
8407,0,0.0,0.0,0.0,0.0,0,0,BAYC
8415,0,0.0,0.0,0.0,0.0,0,0,BAYC
8413,0,0.0,0.0,0.0,0.0,0,0,BAYC
8435,0,0.0,0.0,0.0,0.0,0,0,BAYC
8401,0,0.0,0.0,0.0,0.0,0,0,BAYC
8400,0,0.0,0.0,0.0,0.0,0,0,BAYC
8403,0,0.0,0.0,0.0,0.0,0,0,BAYC
8374,0,0.0,0.0,0.0,0.0,0,0,BAYC
8380,0,0.0,0.0,0.0,0.0,0,0,BAYC
8391,0,0.0,0.0,0.0,0.0,0,0,BAYC
8399,0,0.0,0.0,0.0,0.0,0,0,BAYC
8390,0,0.0,0.0,0.0,0.0,0,0,BAYC
8396,0,0.0,0.0,0.0,0.0,0,0,BAYC
8389,0,0.0,0.0,0.0,0.0,0,0,BAYC
8383,0,0.0,0.0,0.0,0.0,0,0,BAYC
8376,0,0.0,0.0,0.0,0.0,0,0,BAYC
8393,0,0.0,0.0,0.0,0.0,0,0,BAYC
8367,0,0.0,0.0,0.0,0.0,0,0,BAYC
8384,0,0.0,0.0,0.0,0.0,0,0,BAYC
8378,0,0.0,0.0,0.0,0.0,0,0,BAYC
8375,0,0.0,0.0,0.0,0.0,0,0,BAYC
8381,0,0.0,0.0,0.0,0.0,0,0,BAYC
8406,0,0.0,0.0,0.0,0.0,0,0,BAYC
8398,0,0.0,0.0,0.0,0.0,0,0,BAYC
8397,0,0.0,0.0,0.0,0.0,0,0,BAYC
8395,0,0.0,0.0,0.0,0.0,0,0,BAYC
8368,0,0.0,0.0,0.0,0.0,0,0,BAYC
8394,0,0.0,0.0,0.0,0.0,0,0,BAYC
8392,0,0.0,0.0,0.0,0.0,0,0,BAYC
8382,0,0.0,0.0,0.0,0.0,0,0,BAYC
8385,0,0.0,0.0,0.0,0.0,0,0,BAYC
8372,0,0.0,0.0,0.0,0.0,0,0,BAYC
8404,0,0.0,0.0,0.0,0.0,0,0,BAYC
8388,0,0.0,0.0,0.0,0.0,0,0,BAYC
8379,0,0.0,0.0,0.0,0.0,0,0,BAYC
8405,0,0.0,0.0,0.0,0.0,0,0,BAYC
8373,0,0.0,0.0,0.0,0.0,0,0,BAYC
8370,0,0.0,0.0,0.0,0.0,0,0,BAYC
8377,0,0.0,0.0,0.0,0.0,0,0,BAYC
8369,0,0.0,0.0,0.0,0.0,0,0,BAYC
8402,0,0.0,0.0,0.0,0.0,0,0,BAYC
8387,0,0.0,0.0,0.0,0.0,0,0,BAYC
8371,0,0.0,0.0,0.0,0.0,0,0,BAYC
8386,0,0.0,0.0,0.0,0.0,0,0,BAYC
8366,0,0.0,0.0,0.0,0.0,0,0,BAYC
8363,0,0.0,0.0,0.0,0.0,0,0,BAYC
8361,0,0.0,0.0,0.0,0.0,0,0,BAYC
8365,0,0.0,0.0,0.0,0.0,0,0,BAYC
8358,0,0.0,0.0,0.0,0.0,0,0,BAYC
8364,0,0.0,0.0,0.0,0.0,0,0,BAYC
8362,0,0.0,0.0,0.0,0.0,0,0,BAYC
8360,0,0.0,0.0,0.0,0.0,0,0,BAYC
8359,0,0.0,0.0,0.0,0.0,0,0,BAYC
8347,0,0.0,0.0,0.0,0.0,0,0,BAYC
8349,0,0.0,0.0,0.0,0.0,0,0,BAYC
8355,0,0.0,0.0,0.0,0.0,0,0,BAYC
8348,0,0.0,0.0,0.0,0.0,0,0,BAYC
8354,0,0.0,0.0,0.0,0.0,0,0,BAYC
8350,0,0.0,0.0,0.0,0.0,0,0,BAYC
8344,0,0.0,0.0,0.0,0.0,0,0,BAYC
8356,0,0.0,0.0,0.0,0.0,0,0,BAYC
8345,0,0.0,0.0,0.0,0.0,0,0,BAYC
8339,0,0.0,0.0,0.0,0.0,0,0,BAYC
8342,0,0.0,0.0,0.0,0.0,0,0,BAYC
8353,0,0.0,0.0,0.0,0.0,0,0,BAYC
8341,0,0.0,0.0,0.0,0.0,0,0,BAYC
8351,0,0.0,0.0,0.0,0.0,0,0,BAYC
8346,0,0.0,0.0,0.0,0.0,0,0,BAYC
8352,0,0.0,0.0,0.0,0.0,0,0,BAYC
8357,0,0.0,0.0,0.0,0.0,0,0,BAYC
8340,0,0.0,0.0,0.0,0.0,0,0,BAYC
8343,0,0.0,0.0,0.0,0.0,0,0,BAYC
8298,0,0.0,0.0,0.0,0.0,0,0,BAYC
8310,0,0.0,0.0,0.0,0.0,0,0,BAYC
8309,0,0.0,0.0,0.0,0.0,0,0,BAYC
8311,0,0.0,0.0,0.0,0.0,0,0,BAYC
8336,0,0.0,0.0,0.0,0.0,0,0,BAYC
8325,0,0.0,0.0,0.0,0.0,0,0,BAYC
8304,0,0.0,0.0,0.0,0.0,0,0,BAYC
8333,0,0.0,0.0,0.0,0.0,0,0,BAYC
8318,0,0.0,0.0,0.0,0.0,0,0,BAYC
8306,0,0.0,0.0,0.0,0.0,0,0,BAYC
8320,0,0.0,0.0,0.0,0.0,0,0,BAYC
8321,0,0.0,0.0,0.0,0.0,0,0,BAYC
8314,0,0.0,0.0,0.0,0.0,0,0,BAYC
8326,0,0.0,0.0,0.0,0.0,0,0,BAYC
8331,0,0.0,0.0,0.0,0.0,0,0,BAYC
8312,0,0.0,0.0,0.0,0.0,0,0,BAYC
8335,0,0.0,0.0,0.0,0.0,0,0,BAYC
8329,0,0.0,0.0,0.0,0.0,0,0,BAYC
8330,0,0.0,0.0,0.0,0.0,0,0,BAYC
8322,0,0.0,0.0,0.0,0.0,0,0,BAYC
8315,0,0.0,0.0,0.0,0.0,0,0,BAYC
8300,0,0.0,0.0,0.0,0.0,0,0,BAYC
8317,0,0.0,0.0,0.0,0.0,0,0,BAYC
8297,0,0.0,0.0,0.0,0.0,0,0,BAYC
8332,0,0.0,0.0,0.0,0.0,0,0,BAYC
8328,0,0.0,0.0,0.0,0.0,0,0,BAYC
8338,0,0.0,0.0,0.0,0.0,0,0,BAYC
8302,0,0.0,0.0,0.0,0.0,0,0,BAYC
8301,0,0.0,0.0,0.0,0.0,0,0,BAYC
8308,0,0.0,0.0,0.0,0.0,0,0,BAYC
8307,0,0.0,0.0,0.0,0.0,0,0,BAYC
8313,0,0.0,0.0,0.0,0.0,0,0,BAYC
8334,0,0.0,0.0,0.0,0.0,0,0,BAYC
8303,0,0.0,0.0,0.0,0.0,0,0,BAYC
8299,0,0.0,0.0,0.0,0.0,0,0,BAYC
8337,0,0.0,0.0,0.0,0.0,0,0,BAYC
8305,0,0.0,0.0,0.0,0.0,0,0,BAYC
8319,0,0.0,0.0,0.0,0.0,0,0,BAYC
8324,0,0.0,0.0,0.0,0.0,0,0,BAYC
8323,0,0.0,0.0,0.0,0.0,0,0,BAYC
8316,0,0.0,0.0,0.0,0.0,0,0,BAYC
8327,0,0.0,0.0,0.0,0.0,0,0,BAYC
8260,0,0.0,0.0,0.0,0.0,0,0,BAYC
8294,0,0.0,0.0,0.0,0.0,0,0,BAYC
8276,0,0.0,0.0,0.0,0.0,0,0,BAYC
8264,0,0.0,0.0,0.0,0.0,0,0,BAYC
8272,0,0.0,0.0,0.0,0.0,0,0,BAYC
8274,0,0.0,0.0,0.0,0.0,0,0,BAYC
8295,0,0.0,0.0,0.0,0.0,0,0,BAYC
8283,0,0.0,0.0,0.0,0.0,0,0,BAYC
8266,0,0.0,0.0,0.0,0.0,0,0,BAYC
8273,0,0.0,0.0,0.0,0.0,0,0,BAYC
8281,0,0.0,0.0,0.0,0.0,0,0,BAYC
8287,0,0.0,0.0,0.0,0.0,0,0,BAYC
8296,0,0.0,0.0,0.0,0.0,0,0,BAYC
8280,0,0.0,0.0,0.0,0.0,0,0,BAYC
8278,0,0.0,0.0,0.0,0.0,0,0,BAYC
8267,0,0.0,0.0,0.0,0.0,0,0,BAYC
8262,0,0.0,0.0,0.0,0.0,0,0,BAYC
8268,0,0.0,0.0,0.0,0.0,0,0,BAYC
8284,0,0.0,0.0,0.0,0.0,0,0,BAYC
8270,0,0.0,0.0,0.0,0.0,0,0,BAYC
8277,0,0.0,0.0,0.0,0.0,0,0,BAYC
8289,0,0.0,0.0,0.0,0.0,0,0,BAYC
8292,0,0.0,0.0,0.0,0.0,0,0,BAYC
8275,0,0.0,0.0,0.0,0.0,0,0,BAYC
8285,0,0.0,0.0,0.0,0.0,0,0,BAYC
8282,0,0.0,0.0,0.0,0.0,0,0,BAYC
8286,0,0.0,0.0,0.0,0.0,0,0,BAYC
8261,0,0.0,0.0,0.0,0.0,0,0,BAYC
8263,0,0.0,0.0,0.0,0.0,0,0,BAYC
8293,0,0.0,0.0,0.0,0.0,0,0,BAYC
8269,0,0.0,0.0,0.0,0.0,0,0,BAYC
8265,0,0.0,0.0,0.0,0.0,0,0,BAYC
8279,0,0.0,0.0,0.0,0.0,0,0,BAYC
8291,0,0.0,0.0,0.0,0.0,0,0,BAYC
8271,0,0.0,0.0,0.0,0.0,0,0,BAYC
8290,0,0.0,0.0,0.0,0.0,0,0,BAYC
8288,0,0.0,0.0,0.0,0.0,0,0,BAYC
8226,0,0.0,0.0,0.0,0.0,0,0,BAYC
8236,0,0.0,0.0,0.0,0.0,0,0,BAYC
8238,0,0.0,0.0,0.0,0.0,0,0,BAYC
8233,0,0.0,0.0,0.0,0.0,0,0,BAYC
8231,0,0.0,0.0,0.0,0.0,0,0,BAYC
8257,0,0.0,0.0,0.0,0.0,0,0,BAYC
8239,0,0.0,0.0,0.0,0.0,0,0,BAYC
8249,0,0.0,0.0,0.0,0.0,0,0,BAYC
8241,0,0.0,0.0,0.0,0.0,0,0,BAYC
8250,0,0.0,0.0,0.0,0.0,0,0,BAYC
8232,0,0.0,0.0,0.0,0.0,0,0,BAYC
8247,0,0.0,0.0,0.0,0.0,0,0,BAYC
8237,0,0.0,0.0,0.0,0.0,0,0,BAYC
8242,0,0.0,0.0,0.0,0.0,0,0,BAYC
8256,0,0.0,0.0,0.0,0.0,0,0,BAYC
8230,0,0.0,0.0,0.0,0.0,0,0,BAYC
8228,0,0.0,0.0,0.0,0.0,0,0,BAYC
8229,0,0.0,0.0,0.0,0.0,0,0,BAYC
8258,0,0.0,0.0,0.0,0.0,0,0,BAYC
8227,0,0.0,0.0,0.0,0.0,0,0,BAYC
8255,0,0.0,0.0,0.0,0.0,0,0,BAYC
8252,0,0.0,0.0,0.0,0.0,0,0,BAYC
8254,0,0.0,0.0,0.0,0.0,0,0,BAYC
8253,0,0.0,0.0,0.0,0.0,0,0,BAYC
8245,0,0.0,0.0,0.0,0.0,0,0,BAYC
8244,0,0.0,0.0,0.0,0.0,0,0,BAYC
8248,0,0.0,0.0,0.0,0.0,0,0,BAYC
8234,0,0.0,0.0,0.0,0.0,0,0,BAYC
8235,0,0.0,0.0,0.0,0.0,0,0,BAYC
8240,0,0.0,0.0,0.0,0.0,0,0,BAYC
8243,0,0.0,0.0,0.0,0.0,0,0,BAYC
8259,0,0.0,0.0,0.0,0.0,0,0,BAYC
8246,0,0.0,0.0,0.0,0.0,0,0,BAYC
8251,0,0.0,0.0,0.0,0.0,0,0,BAYC
8194,0,0.0,0.0,0.0,0.0,0,0,BAYC
8215,0,0.0,0.0,0.0,0.0,0,0,BAYC
8185,0,0.0,0.0,0.0,0.0,0,0,BAYC
8195,0,0.0,0.0,0.0,0.0,0,0,BAYC
8202,0,0.0,0.0,0.0,0.0,0,0,BAYC
8214,0,0.0,0.0,0.0,0.0,0,0,BAYC
8225,0,0.0,0.0,0.0,0.0,0,0,BAYC
8206,0,0.0,0.0,0.0,0.0,0,0,BAYC
8188,0,0.0,0.0,0.0,0.0,0,0,BAYC
8220,0,0.0,0.0,0.0,0.0,0,0,BAYC
8211,0,0.0,0.0,0.0,0.0,0,0,BAYC
8221,0,0.0,0.0,0.0,0.0,0,0,BAYC
8191,0,0.0,0.0,0.0,0.0,0,0,BAYC
8186,0,0.0,0.0,0.0,0.0,0,0,BAYC
8217,0,0.0,0.0,0.0,0.0,0,0,BAYC
8218,0,0.0,0.0,0.0,0.0,0,0,BAYC
8190,0,0.0,0.0,0.0,0.0,0,0,BAYC
8198,0,0.0,0.0,0.0,0.0,0,0,BAYC
8201,0,0.0,0.0,0.0,0.0,0,0,BAYC
8197,0,0.0,0.0,0.0,0.0,0,0,BAYC
8192,0,0.0,0.0,0.0,0.0,0,0,BAYC
8200,0,0.0,0.0,0.0,0.0,0,0,BAYC
8204,0,0.0,0.0,0.0,0.0,0,0,BAYC
8199,0,0.0,0.0,0.0,0.0,0,0,BAYC
8210,0,0.0,0.0,0.0,0.0,0,0,BAYC
8203,0,0.0,0.0,0.0,0.0,0,0,BAYC
8183,0,0.0,0.0,0.0,0.0,0,0,BAYC
8193,0,0.0,0.0,0.0,0.0,0,0,BAYC
8222,0,0.0,0.0,0.0,0.0,0,0,BAYC
8207,0,0.0,0.0,0.0,0.0,0,0,BAYC
8216,0,0.0,0.0,0.0,0.0,0,0,BAYC
8187,0,0.0,0.0,0.0,0.0,0,0,BAYC
8189,0,0.0,0.0,0.0,0.0,0,0,BAYC
8213,0,0.0,0.0,0.0,0.0,0,0,BAYC
8196,0,0.0,0.0,0.0,0.0,0,0,BAYC
8208,0,0.0,0.0,0.0,0.0,0,0,BAYC
8219,0,0.0,0.0,0.0,0.0,0,0,BAYC
8223,0,0.0,0.0,0.0,0.0,0,0,BAYC
8224,0,0.0,0.0,0.0,0.0,0,0,BAYC
8205,0,0.0,0.0,0.0,0.0,0,0,BAYC
8184,0,0.0,0.0,0.0,0.0,0,0,BAYC
8209,0,0.0,0.0,0.0,0.0,0,0,BAYC
8212,0,0.0,0.0,0.0,0.0,0,0,BAYC
8147,0,0.0,0.0,0.0,0.0,0,0,BAYC
8144,0,0.0,0.0,0.0,0.0,0,0,BAYC
8157,0,0.0,0.0,0.0,0.0,0,0,BAYC
8143,0,0.0,0.0,0.0,0.0,0,0,BAYC
8173,0,0.0,0.0,0.0,0.0,0,0,BAYC
8176,0,0.0,0.0,0.0,0.0,0,0,BAYC
8160,0,0.0,0.0,0.0,0.0,0,0,BAYC
8149,0,0.0,0.0,0.0,0.0,0,0,BAYC
8169,0,0.0,0.0,0.0,0.0,0,0,BAYC
8179,0,0.0,0.0,0.0,0.0,0,0,BAYC
8168,0,0.0,0.0,0.0,0.0,0,0,BAYC
8163,0,0.0,0.0,0.0,0.0,0,0,BAYC
8142,0,0.0,0.0,0.0,0.0,0,0,BAYC
8180,0,0.0,0.0,0.0,0.0,0,0,BAYC
8150,0,0.0,0.0,0.0,0.0,0,0,BAYC
8175,0,0.0,0.0,0.0,0.0,0,0,BAYC
8162,0,0.0,0.0,0.0,0.0,0,0,BAYC
8141,0,0.0,0.0,0.0,0.0,0,0,BAYC
8167,0,0.0,0.0,0.0,0.0,0,0,BAYC
8181,0,0.0,0.0,0.0,0.0,0,0,BAYC
8158,0,0.0,0.0,0.0,0.0,0,0,BAYC
8148,0,0.0,0.0,0.0,0.0,0,0,BAYC
8154,0,0.0,0.0,0.0,0.0,0,0,BAYC
8170,0,0.0,0.0,0.0,0.0,0,0,BAYC
8165,0,0.0,0.0,0.0,0.0,0,0,BAYC
8156,0,0.0,0.0,0.0,0.0,0,0,BAYC
8159,0,0.0,0.0,0.0,0.0,0,0,BAYC
8161,0,0.0,0.0,0.0,0.0,0,0,BAYC
8171,0,0.0,0.0,0.0,0.0,0,0,BAYC
8177,0,0.0,0.0,0.0,0.0,0,0,BAYC
8153,0,0.0,0.0,0.0,0.0,0,0,BAYC
8152,0,0.0,0.0,0.0,0.0,0,0,BAYC
8182,0,0.0,0.0,0.0,0.0,0,0,BAYC
8151,0,0.0,0.0,0.0,0.0,0,0,BAYC
8145,0,0.0,0.0,0.0,0.0,0,0,BAYC
8146,0,0.0,0.0,0.0,0.0,0,0,BAYC
8178,0,0.0,0.0,0.0,0.0,0,0,BAYC
8164,0,0.0,0.0,0.0,0.0,0,0,BAYC
8155,0,0.0,0.0,0.0,0.0,0,0,BAYC
8174,0,0.0,0.0,0.0,0.0,0,0,BAYC
8166,0,0.0,0.0,0.0,0.0,0,0,BAYC
8172,0,0.0,0.0,0.0,0.0,0,0,BAYC
8140,0,0.0,0.0,0.0,0.0,0,0,BAYC
8135,0,0.0,0.0,0.0,0.0,0,0,BAYC
8131,0,0.0,0.0,0.0,0.0,0,0,BAYC
8134,0,0.0,0.0,0.0,0.0,0,0,BAYC
8132,0,0.0,0.0,0.0,0.0,0,0,BAYC
8129,0,0.0,0.0,0.0,0.0,0,0,BAYC
8130,0,0.0,0.0,0.0,0.0,0,0,BAYC
8138,0,0.0,0.0,0.0,0.0,0,0,BAYC
8139,0,0.0,0.0,0.0,0.0,0,0,BAYC
8137,0,0.0,0.0,0.0,0.0,0,0,BAYC
8136,0,0.0,0.0,0.0,0.0,0,0,BAYC
8128,0,0.0,0.0,0.0,0.0,0,0,BAYC
8133,0,0.0,0.0,0.0,0.0,0,0,BAYC
8124,0,0.0,0.0,0.0,0.0,0,0,BAYC
8108,0,0.0,0.0,0.0,0.0,0,0,BAYC
8105,0,0.0,0.0,0.0,0.0,0,0,BAYC
8119,0,0.0,0.0,0.0,0.0,0,0,BAYC
8110,0,0.0,0.0,0.0,0.0,0,0,BAYC
8106,0,0.0,0.0,0.0,0.0,0,0,BAYC
8111,0,0.0,0.0,0.0,0.0,0,0,BAYC
8114,0,0.0,0.0,0.0,0.0,0,0,BAYC
8115,0,0.0,0.0,0.0,0.0,0,0,BAYC
8098,0,0.0,0.0,0.0,0.0,0,0,BAYC
8117,0,0.0,0.0,0.0,0.0,0,0,BAYC
8116,0,0.0,0.0,0.0,0.0,0,0,BAYC
8101,0,0.0,0.0,0.0,0.0,0,0,BAYC
8103,0,0.0,0.0,0.0,0.0,0,0,BAYC
8120,0,0.0,0.0,0.0,0.0,0,0,BAYC
8107,0,0.0,0.0,0.0,0.0,0,0,BAYC
8121,0,0.0,0.0,0.0,0.0,0,0,BAYC
8118,0,0.0,0.0,0.0,0.0,0,0,BAYC
8125,0,0.0,0.0,0.0,0.0,0,0,BAYC
8122,0,0.0,0.0,0.0,0.0,0,0,BAYC
8123,0,0.0,0.0,0.0,0.0,0,0,BAYC
8113,0,0.0,0.0,0.0,0.0,0,0,BAYC
8112,0,0.0,0.0,0.0,0.0,0,0,BAYC
8126,0,0.0,0.0,0.0,0.0,0,0,BAYC
8127,0,0.0,0.0,0.0,0.0,0,0,BAYC
8102,0,0.0,0.0,0.0,0.0,0,0,BAYC
8100,0,0.0,0.0,0.0,0.0,0,0,BAYC
8099,0,0.0,0.0,0.0,0.0,0,0,BAYC
8109,0,0.0,0.0,0.0,0.0,0,0,BAYC
8104,0,0.0,0.0,0.0,0.0,0,0,BAYC
8091,0,0.0,0.0,0.0,0.0,0,0,BAYC
8087,0,0.0,0.0,0.0,0.0,0,0,BAYC
8089,0,0.0,0.0,0.0,0.0,0,0,BAYC
8083,0,0.0,0.0,0.0,0.0,0,0,BAYC
8081,0,0.0,0.0,0.0,0.0,0,0,BAYC
8094,0,0.0,0.0,0.0,0.0,0,0,BAYC
8088,0,0.0,0.0,0.0,0.0,0,0,BAYC
8080,0,0.0,0.0,0.0,0.0,0,0,BAYC
8082,0,0.0,0.0,0.0,0.0,0,0,BAYC
8092,0,0.0,0.0,0.0,0.0,0,0,BAYC
8096,0,0.0,0.0,0.0,0.0,0,0,BAYC
8093,0,0.0,0.0,0.0,0.0,0,0,BAYC
8086,0,0.0,0.0,0.0,0.0,0,0,BAYC
8095,0,0.0,0.0,0.0,0.0,0,0,BAYC
8084,0,0.0,0.0,0.0,0.0,0,0,BAYC
8097,0,0.0,0.0,0.0,0.0,0,0,BAYC
8079,0,0.0,0.0,0.0,0.0,0,0,BAYC
8090,0,0.0,0.0,0.0,0.0,0,0,BAYC
8085,0,0.0,0.0,0.0,0.0,0,0,BAYC
8066,0,0.0,0.0,0.0,0.0,0,0,BAYC
8067,0,0.0,0.0,0.0,0.0,0,0,BAYC
8075,0,0.0,0.0,0.0,0.0,0,0,BAYC
8070,0,0.0,0.0,0.0,0.0,0,0,BAYC
8078,0,0.0,0.0,0.0,0.0,0,0,BAYC
8053,0,0.0,0.0,0.0,0.0,0,0,BAYC
8054,0,0.0,0.0,0.0,0.0,0,0,BAYC
8057,0,0.0,0.0,0.0,0.0,0,0,BAYC
8058,0,0.0,0.0,0.0,0.0,0,0,BAYC
8072,0,0.0,0.0,0.0,0.0,0,0,BAYC
8059,0,0.0,0.0,0.0,0.0,0,0,BAYC
8074,0,0.0,0.0,0.0,0.0,0,0,BAYC
8061,0,0.0,0.0,0.0,0.0,0,0,BAYC
8076,0,0.0,0.0,0.0,0.0,0,0,BAYC
8069,0,0.0,0.0,0.0,0.0,0,0,BAYC
8077,0,0.0,0.0,0.0,0.0,0,0,BAYC
8060,0,0.0,0.0,0.0,0.0,0,0,BAYC
8073,0,0.0,0.0,0.0,0.0,0,0,BAYC
8064,0,0.0,0.0,0.0,0.0,0,0,BAYC
8071,0,0.0,0.0,0.0,0.0,0,0,BAYC
8063,0,0.0,0.0,0.0,0.0,0,0,BAYC
8065,0,0.0,0.0,0.0,0.0,0,0,BAYC
8062,0,0.0,0.0,0.0,0.0,0,0,BAYC
8055,0,0.0,0.0,0.0,0.0,0,0,BAYC
8068,0,0.0,0.0,0.0,0.0,0,0,BAYC
8056,0,0.0,0.0,0.0,0.0,0,0,BAYC
8048,0,0.0,0.0,0.0,0.0,0,0,BAYC
8044,0,0.0,0.0,0.0,0.0,0,0,BAYC
8029,0,0.0,0.0,0.0,0.0,0,0,BAYC
8019,0,0.0,0.0,0.0,0.0,0,0,BAYC
8010,0,0.0,0.0,0.0,0.0,0,0,BAYC
8032,0,0.0,0.0,0.0,0.0,0,0,BAYC
8043,0,0.0,0.0,0.0,0.0,0,0,BAYC
8023,0,0.0,0.0,0.0,0.0,0,0,BAYC
8051,0,0.0,0.0,0.0,0.0,0,0,BAYC
8024,0,0.0,0.0,0.0,0.0,0,0,BAYC
8016,0,0.0,0.0,0.0,0.0,0,0,BAYC
8026,0,0.0,0.0,0.0,0.0,0,0,BAYC
8036,0,0.0,0.0,0.0,0.0,0,0,BAYC
8014,0,0.0,0.0,0.0,0.0,0,0,BAYC
8050,0,0.0,0.0,0.0,0.0,0,0,BAYC
8009,0,0.0,0.0,0.0,0.0,0,0,BAYC
8035,0,0.0,0.0,0.0,0.0,0,0,BAYC
8041,0,0.0,0.0,0.0,0.0,0,0,BAYC
8028,0,0.0,0.0,0.0,0.0,0,0,BAYC
8011,0,0.0,0.0,0.0,0.0,0,0,BAYC
8037,0,0.0,0.0,0.0,0.0,0,0,BAYC
8020,0,0.0,0.0,0.0,0.0,0,0,BAYC
8025,0,0.0,0.0,0.0,0.0,0,0,BAYC
8027,0,0.0,0.0,0.0,0.0,0,0,BAYC
8021,0,0.0,0.0,0.0,0.0,0,0,BAYC
8030,0,0.0,0.0,0.0,0.0,0,0,BAYC
8038,0,0.0,0.0,0.0,0.0,0,0,BAYC
8047,0,0.0,0.0,0.0,0.0,0,0,BAYC
8017,0,0.0,0.0,0.0,0.0,0,0,BAYC
8046,0,0.0,0.0,0.0,0.0,0,0,BAYC
8040,0,0.0,0.0,0.0,0.0,0,0,BAYC
8052,0,0.0,0.0,0.0,0.0,0,0,BAYC
8033,0,0.0,0.0,0.0,0.0,0,0,BAYC
8018,0,0.0,0.0,0.0,0.0,0,0,BAYC
8042,0,0.0,0.0,0.0,0.0,0,0,BAYC
8015,0,0.0,0.0,0.0,0.0,0,0,BAYC
8045,0,0.0,0.0,0.0,0.0,0,0,BAYC
8039,0,0.0,0.0,0.0,0.0,0,0,BAYC
8031,0,0.0,0.0,0.0,0.0,0,0,BAYC
8049,0,0.0,0.0,0.0,0.0,0,0,BAYC
8013,0,0.0,0.0,0.0,0.0,0,0,BAYC
8022,0,0.0,0.0,0.0,0.0,0,0,BAYC
8034,0,0.0,0.0,0.0,0.0,0,0,BAYC
8012,0,0.0,0.0,0.0,0.0,0,0,BAYC
7998,0,0.0,0.0,0.0,0.0,0,0,BAYC
7995,0,0.0,0.0,0.0,0.0,0,0,BAYC
8004,0,0.0,0.0,0.0,0.0,0,0,BAYC
7981,0,0.0,0.0,0.0,0.0,0,0,BAYC
8001,0,0.0,0.0,0.0,0.0,0,0,BAYC
7978,0,0.0,0.0,0.0,0.0,0,0,BAYC
7997,0,0.0,0.0,0.0,0.0,0,0,BAYC
8007,0,0.0,0.0,0.0,0.0,0,0,BAYC
7993,0,0.0,0.0,0.0,0.0,0,0,BAYC
7989,0,0.0,0.0,0.0,0.0,0,0,BAYC
7984,0,0.0,0.0,0.0,0.0,0,0,BAYC
7977,0,0.0,0.0,0.0,0.0,0,0,BAYC
7990,0,0.0,0.0,0.0,0.0,0,0,BAYC
7994,0,0.0,0.0,0.0,0.0,0,0,BAYC
7975,0,0.0,0.0,0.0,0.0,0,0,BAYC
7996,0,0.0,0.0,0.0,0.0,0,0,BAYC
7980,0,0.0,0.0,0.0,0.0,0,0,BAYC
7979,0,0.0,0.0,0.0,0.0,0,0,BAYC
8003,0,0.0,0.0,0.0,0.0,0,0,BAYC
7992,0,0.0,0.0,0.0,0.0,0,0,BAYC
7986,0,0.0,0.0,0.0,0.0,0,0,BAYC
8000,0,0.0,0.0,0.0,0.0,0,0,BAYC
7987,0,0.0,0.0,0.0,0.0,0,0,BAYC
7999,0,0.0,0.0,0.0,0.0,0,0,BAYC
7976,0,0.0,0.0,0.0,0.0,0,0,BAYC
7991,0,0.0,0.0,0.0,0.0,0,0,BAYC
7974,0,0.0,0.0,0.0,0.0,0,0,BAYC
7988,0,0.0,0.0,0.0,0.0,0,0,BAYC
7982,0,0.0,0.0,0.0,0.0,0,0,BAYC
7985,0,0.0,0.0,0.0,0.0,0,0,BAYC
8008,0,0.0,0.0,0.0,0.0,0,0,BAYC
8005,0,0.0,0.0,0.0,0.0,0,0,BAYC
8002,0,0.0,0.0,0.0,0.0,0,0,BAYC
8006,0,0.0,0.0,0.0,0.0,0,0,BAYC
7983,0,0.0,0.0,0.0,0.0,0,0,BAYC
7971,0,0.0,0.0,0.0,0.0,0,0,BAYC
7968,0,0.0,0.0,0.0,0.0,0,0,BAYC
7966,0,0.0,0.0,0.0,0.0,0,0,BAYC
7964,0,0.0,0.0,0.0,0.0,0,0,BAYC
7965,0,0.0,0.0,0.0,0.0,0,0,BAYC
7973,0,0.0,0.0,0.0,0.0,0,0,BAYC
7970,0,0.0,0.0,0.0,0.0,0,0,BAYC
7962,0,0.0,0.0,0.0,0.0,0,0,BAYC
7969,0,0.0,0.0,0.0,0.0,0,0,BAYC
7967,0,0.0,0.0,0.0,0.0,0,0,BAYC
7961,0,0.0,0.0,0.0,0.0,0,0,BAYC
7963,0,0.0,0.0,0.0,0.0,0,0,BAYC
7972,0,0.0,0.0,0.0,0.0,0,0,BAYC
7960,0,0.0,0.0,0.0,0.0,0,0,BAYC
7930,0,0.0,0.0,0.0,0.0,0,0,BAYC
7950,0,0.0,0.0,0.0,0.0,0,0,BAYC
7929,0,0.0,0.0,0.0,0.0,0,0,BAYC
7931,0,0.0,0.0,0.0,0.0,0,0,BAYC
7932,0,0.0,0.0,0.0,0.0,0,0,BAYC
7945,0,0.0,0.0,0.0,0.0,0,0,BAYC
7957,0,0.0,0.0,0.0,0.0,0,0,BAYC
7942,0,0.0,0.0,0.0,0.0,0,0,BAYC
7934,0,0.0,0.0,0.0,0.0,0,0,BAYC
7952,0,0.0,0.0,0.0,0.0,0,0,BAYC
7925,0,0.0,0.0,0.0,0.0,0,0,BAYC
7939,0,0.0,0.0,0.0,0.0,0,0,BAYC
7937,0,0.0,0.0,0.0,0.0,0,0,BAYC
7956,0,0.0,0.0,0.0,0.0,0,0,BAYC
7953,0,0.0,0.0,0.0,0.0,0,0,BAYC
7949,0,0.0,0.0,0.0,0.0,0,0,BAYC
7927,0,0.0,0.0,0.0,0.0,0,0,BAYC
7940,0,0.0,0.0,0.0,0.0,0,0,BAYC
7926,0,0.0,0.0,0.0,0.0,0,0,BAYC
7935,0,0.0,0.0,0.0,0.0,0,0,BAYC
7948,0,0.0,0.0,0.0,0.0,0,0,BAYC
7958,0,0.0,0.0,0.0,0.0,0,0,BAYC
7944,0,0.0,0.0,0.0,0.0,0,0,BAYC
7941,0,0.0,0.0,0.0,0.0,0,0,BAYC
7959,0,0.0,0.0,0.0,0.0,0,0,BAYC
7922,0,0.0,0.0,0.0,0.0,0,0,BAYC
7955,0,0.0,0.0,0.0,0.0,0,0,BAYC
7943,0,0.0,0.0,0.0,0.0,0,0,BAYC
7951,0,0.0,0.0,0.0,0.0,0,0,BAYC
7924,0,0.0,0.0,0.0,0.0,0,0,BAYC
7928,0,0.0,0.0,0.0,0.0,0,0,BAYC
7938,0,0.0,0.0,0.0,0.0,0,0,BAYC
7923,0,0.0,0.0,0.0,0.0,0,0,BAYC
7936,0,0.0,0.0,0.0,0.0,0,0,BAYC
7954,0,0.0,0.0,0.0,0.0,0,0,BAYC
7947,0,0.0,0.0,0.0,0.0,0,0,BAYC
7933,0,0.0,0.0,0.0,0.0,0,0,BAYC
7946,0,0.0,0.0,0.0,0.0,0,0,BAYC
7914,0,0.0,0.0,0.0,0.0,0,0,BAYC
7903,0,0.0,0.0,0.0,0.0,0,0,BAYC
7916,0,0.0,0.0,0.0,0.0,0,0,BAYC
7904,0,0.0,0.0,0.0,0.0,0,0,BAYC
7917,0,0.0,0.0,0.0,0.0,0,0,BAYC
7910,0,0.0,0.0,0.0,0.0,0,0,BAYC
7909,0,0.0,0.0,0.0,0.0,0,0,BAYC
7902,0,0.0,0.0,0.0,0.0,0,0,BAYC
7919,0,0.0,0.0,0.0,0.0,0,0,BAYC
7912,0,0.0,0.0,0.0,0.0,0,0,BAYC
7911,0,0.0,0.0,0.0,0.0,0,0,BAYC
7921,0,0.0,0.0,0.0,0.0,0,0,BAYC
7918,0,0.0,0.0,0.0,0.0,0,0,BAYC
7908,0,0.0,0.0,0.0,0.0,0,0,BAYC
7913,0,0.0,0.0,0.0,0.0,0,0,BAYC
7907,0,0.0,0.0,0.0,0.0,0,0,BAYC
7906,0,0.0,0.0,0.0,0.0,0,0,BAYC
7920,0,0.0,0.0,0.0,0.0,0,0,BAYC
7915,0,0.0,0.0,0.0,0.0,0,0,BAYC
7905,0,0.0,0.0,0.0,0.0,0,0,BAYC
7894,0,0.0,0.0,0.0,0.0,0,0,BAYC
7900,0,0.0,0.0,0.0,0.0,0,0,BAYC
7895,0,0.0,0.0,0.0,0.0,0,0,BAYC
7896,0,0.0,0.0,0.0,0.0,0,0,BAYC
7901,0,0.0,0.0,0.0,0.0,0,0,BAYC
7897,0,0.0,0.0,0.0,0.0,0,0,BAYC
7898,0,0.0,0.0,0.0,0.0,0,0,BAYC
7899,0,0.0,0.0,0.0,0.0,0,0,BAYC
7887,0,0.0,0.0,0.0,0.0,0,0,BAYC
7892,0,0.0,0.0,0.0,0.0,0,0,BAYC
7886,0,0.0,0.0,0.0,0.0,0,0,BAYC
7893,0,0.0,0.0,0.0,0.0,0,0,BAYC
7888,0,0.0,0.0,0.0,0.0,0,0,BAYC
7883,0,0.0,0.0,0.0,0.0,0,0,BAYC
7889,0,0.0,0.0,0.0,0.0,0,0,BAYC
7891,0,0.0,0.0,0.0,0.0,0,0,BAYC
7890,0,0.0,0.0,0.0,0.0,0,0,BAYC
7885,0,0.0,0.0,0.0,0.0,0,0,BAYC
7884,0,0.0,0.0,0.0,0.0,0,0,BAYC
7882,0,0.0,0.0,0.0,0.0,0,0,BAYC
7876,0,0.0,0.0,0.0,0.0,0,0,BAYC
7869,0,0.0,0.0,0.0,0.0,0,0,BAYC
7877,0,0.0,0.0,0.0,0.0,0,0,BAYC
7880,0,0.0,0.0,0.0,0.0,0,0,BAYC
7874,0,0.0,0.0,0.0,0.0,0,0,BAYC
7868,0,0.0,0.0,0.0,0.0,0,0,BAYC
7873,0,0.0,0.0,0.0,0.0,0,0,BAYC
7872,0,0.0,0.0,0.0,0.0,0,0,BAYC
7870,0,0.0,0.0,0.0,0.0,0,0,BAYC
7878,0,0.0,0.0,0.0,0.0,0,0,BAYC
7875,0,0.0,0.0,0.0,0.0,0,0,BAYC
7879,0,0.0,0.0,0.0,0.0,0,0,BAYC
7867,0,0.0,0.0,0.0,0.0,0,0,BAYC
7871,0,0.0,0.0,0.0,0.0,0,0,BAYC
7881,0,0.0,0.0,0.0,0.0,0,0,BAYC
7866,0,0.0,0.0,0.0,0.0,0,0,BAYC
7844,0,0.0,0.0,0.0,0.0,0,0,BAYC
7840,0,0.0,0.0,0.0,0.0,0,0,BAYC
7850,0,0.0,0.0,0.0,0.0,0,0,BAYC
7858,0,0.0,0.0,0.0,0.0,0,0,BAYC
7863,0,0.0,0.0,0.0,0.0,0,0,BAYC
7854,0,0.0,0.0,0.0,0.0,0,0,BAYC
7861,0,0.0,0.0,0.0,0.0,0,0,BAYC
7860,0,0.0,0.0,0.0,0.0,0,0,BAYC
7857,0,0.0,0.0,0.0,0.0,0,0,BAYC
7845,0,0.0,0.0,0.0,0.0,0,0,BAYC
7846,0,0.0,0.0,0.0,0.0,0,0,BAYC
7839,0,0.0,0.0,0.0,0.0,0,0,BAYC
7842,0,0.0,0.0,0.0,0.0,0,0,BAYC
7847,0,0.0,0.0,0.0,0.0,0,0,BAYC
7864,0,0.0,0.0,0.0,0.0,0,0,BAYC
7853,0,0.0,0.0,0.0,0.0,0,0,BAYC
7859,0,0.0,0.0,0.0,0.0,0,0,BAYC
7865,0,0.0,0.0,0.0,0.0,0,0,BAYC
7852,0,0.0,0.0,0.0,0.0,0,0,BAYC
7855,0,0.0,0.0,0.0,0.0,0,0,BAYC
7856,0,0.0,0.0,0.0,0.0,0,0,BAYC
7851,0,0.0,0.0,0.0,0.0,0,0,BAYC
7849,0,0.0,0.0,0.0,0.0,0,0,BAYC
7848,0,0.0,0.0,0.0,0.0,0,0,BAYC
7841,0,0.0,0.0,0.0,0.0,0,0,BAYC
7843,0,0.0,0.0,0.0,0.0,0,0,BAYC
7862,0,0.0,0.0,0.0,0.0,0,0,BAYC
7829,0,0.0,0.0,0.0,0.0,0,0,BAYC
7815,0,0.0,0.0,0.0,0.0,0,0,BAYC
7833,0,0.0,0.0,0.0,0.0,0,0,BAYC
7835,0,0.0,0.0,0.0,0.0,0,0,BAYC
7826,0,0.0,0.0,0.0,0.0,0,0,BAYC
7825,0,0.0,0.0,0.0,0.0,0,0,BAYC
7830,0,0.0,0.0,0.0,0.0,0,0,BAYC
7832,0,0.0,0.0,0.0,0.0,0,0,BAYC
7816,0,0.0,0.0,0.0,0.0,0,0,BAYC
7820,0,0.0,0.0,0.0,0.0,0,0,BAYC
7828,0,0.0,0.0,0.0,0.0,0,0,BAYC
7836,0,0.0,0.0,0.0,0.0,0,0,BAYC
7837,0,0.0,0.0,0.0,0.0,0,0,BAYC
7831,0,0.0,0.0,0.0,0.0,0,0,BAYC
7838,0,0.0,0.0,0.0,0.0,0,0,BAYC
7819,0,0.0,0.0,0.0,0.0,0,0,BAYC
7823,0,0.0,0.0,0.0,0.0,0,0,BAYC
7834,0,0.0,0.0,0.0,0.0,0,0,BAYC
7824,0,0.0,0.0,0.0,0.0,0,0,BAYC
7821,0,0.0,0.0,0.0,0.0,0,0,BAYC
7818,0,0.0,0.0,0.0,0.0,0,0,BAYC
7817,0,0.0,0.0,0.0,0.0,0,0,BAYC
7827,0,0.0,0.0,0.0,0.0,0,0,BAYC
7822,0,0.0,0.0,0.0,0.0,0,0,BAYC
7743,0,0.0,0.0,0.0,0.0,0,0,BAYC
7757,0,0.0,0.0,0.0,0.0,0,0,BAYC
7773,0,0.0,0.0,0.0,0.0,0,0,BAYC
7771,0,0.0,0.0,0.0,0.0,0,0,BAYC
7764,0,0.0,0.0,0.0,0.0,0,0,BAYC
7760,0,0.0,0.0,0.0,0.0,0,0,BAYC
7748,0,0.0,0.0,0.0,0.0,0,0,BAYC
7772,0,0.0,0.0,0.0,0.0,0,0,BAYC
7795,0,0.0,0.0,0.0,0.0,0,0,BAYC
7738,0,0.0,0.0,0.0,0.0,0,0,BAYC
7740,0,0.0,0.0,0.0,0.0,0,0,BAYC
7813,0,0.0,0.0,0.0,0.0,0,0,BAYC
7803,0,0.0,0.0,0.0,0.0,0,0,BAYC
7767,0,0.0,0.0,0.0,0.0,0,0,BAYC
7789,0,0.0,0.0,0.0,0.0,0,0,BAYC
7778,0,0.0,0.0,0.0,0.0,0,0,BAYC
7779,0,0.0,0.0,0.0,0.0,0,0,BAYC
7770,0,0.0,0.0,0.0,0.0,0,0,BAYC
7752,0,0.0,0.0,0.0,0.0,0,0,BAYC
7742,0,0.0,0.0,0.0,0.0,0,0,BAYC
7766,0,0.0,0.0,0.0,0.0,0,0,BAYC
7791,0,0.0,0.0,0.0,0.0,0,0,BAYC
7774,0,0.0,0.0,0.0,0.0,0,0,BAYC
7750,0,0.0,0.0,0.0,0.0,0,0,BAYC
7804,0,0.0,0.0,0.0,0.0,0,0,BAYC
7784,0,0.0,0.0,0.0,0.0,0,0,BAYC
7782,0,0.0,0.0,0.0,0.0,0,0,BAYC
7756,0,0.0,0.0,0.0,0.0,0,0,BAYC
7746,0,0.0,0.0,0.0,0.0,0,0,BAYC
7747,0,0.0,0.0,0.0,0.0,0,0,BAYC
7753,0,0.0,0.0,0.0,0.0,0,0,BAYC
7785,0,0.0,0.0,0.0,0.0,0,0,BAYC
7737,0,0.0,0.0,0.0,0.0,0,0,BAYC
7798,0,0.0,0.0,0.0,0.0,0,0,BAYC
7812,0,0.0,0.0,0.0,0.0,0,0,BAYC
7793,0,0.0,0.0,0.0,0.0,0,0,BAYC
7801,0,0.0,0.0,0.0,0.0,0,0,BAYC
7777,0,0.0,0.0,0.0,0.0,0,0,BAYC
7759,0,0.0,0.0,0.0,0.0,0,0,BAYC
7809,0,0.0,0.0,0.0,0.0,0,0,BAYC
7800,0,0.0,0.0,0.0,0.0,0,0,BAYC
7802,0,0.0,0.0,0.0,0.0,0,0,BAYC
7761,0,0.0,0.0,0.0,0.0,0,0,BAYC
7792,0,0.0,0.0,0.0,0.0,0,0,BAYC
7811,0,0.0,0.0,0.0,0.0,0,0,BAYC
7751,0,0.0,0.0,0.0,0.0,0,0,BAYC
7796,0,0.0,0.0,0.0,0.0,0,0,BAYC
7749,0,0.0,0.0,0.0,0.0,0,0,BAYC
7781,0,0.0,0.0,0.0,0.0,0,0,BAYC
7775,0,0.0,0.0,0.0,0.0,0,0,BAYC
7807,0,0.0,0.0,0.0,0.0,0,0,BAYC
7787,0,0.0,0.0,0.0,0.0,0,0,BAYC
7769,0,0.0,0.0,0.0,0.0,0,0,BAYC
7790,0,0.0,0.0,0.0,0.0,0,0,BAYC
7741,0,0.0,0.0,0.0,0.0,0,0,BAYC
7810,0,0.0,0.0,0.0,0.0,0,0,BAYC
7806,0,0.0,0.0,0.0,0.0,0,0,BAYC
7758,0,0.0,0.0,0.0,0.0,0,0,BAYC
7745,0,0.0,0.0,0.0,0.0,0,0,BAYC
7783,0,0.0,0.0,0.0,0.0,0,0,BAYC
7776,0,0.0,0.0,0.0,0.0,0,0,BAYC
7799,0,0.0,0.0,0.0,0.0,0,0,BAYC
7797,0,0.0,0.0,0.0,0.0,0,0,BAYC
7755,0,0.0,0.0,0.0,0.0,0,0,BAYC
7739,0,0.0,0.0,0.0,0.0,0,0,BAYC
7794,0,0.0,0.0,0.0,0.0,0,0,BAYC
7765,0,0.0,0.0,0.0,0.0,0,0,BAYC
7808,0,0.0,0.0,0.0,0.0,0,0,BAYC
7805,0,0.0,0.0,0.0,0.0,0,0,BAYC
7763,0,0.0,0.0,0.0,0.0,0,0,BAYC
7754,0,0.0,0.0,0.0,0.0,0,0,BAYC
7762,0,0.0,0.0,0.0,0.0,0,0,BAYC
7780,0,0.0,0.0,0.0,0.0,0,0,BAYC
7788,0,0.0,0.0,0.0,0.0,0,0,BAYC
7814,0,0.0,0.0,0.0,0.0,0,0,BAYC
7768,0,0.0,0.0,0.0,0.0,0,0,BAYC
7786,0,0.0,0.0,0.0,0.0,0,0,BAYC
7744,0,0.0,0.0,0.0,0.0,0,0,BAYC
7699,0,0.0,0.0,0.0,0.0,0,0,BAYC
7716,0,0.0,0.0,0.0,0.0,0,0,BAYC
7702,0,0.0,0.0,0.0,0.0,0,0,BAYC
7704,0,0.0,0.0,0.0,0.0,0,0,BAYC
7731,0,0.0,0.0,0.0,0.0,0,0,BAYC
7688,0,0.0,0.0,0.0,0.0,0,0,BAYC
7719,0,0.0,0.0,0.0,0.0,0,0,BAYC
7690,0,0.0,0.0,0.0,0.0,0,0,BAYC
7712,0,0.0,0.0,0.0,0.0,0,0,BAYC
7687,0,0.0,0.0,0.0,0.0,0,0,BAYC
7683,0,0.0,0.0,0.0,0.0,0,0,BAYC
7727,0,0.0,0.0,0.0,0.0,0,0,BAYC
7732,0,0.0,0.0,0.0,0.0,0,0,BAYC
7720,0,0.0,0.0,0.0,0.0,0,0,BAYC
7673,0,0.0,0.0,0.0,0.0,0,0,BAYC
7680,0,0.0,0.0,0.0,0.0,0,0,BAYC
7685,0,0.0,0.0,0.0,0.0,0,0,BAYC
7672,0,0.0,0.0,0.0,0.0,0,0,BAYC
7678,0,0.0,0.0,0.0,0.0,0,0,BAYC
7677,0,0.0,0.0,0.0,0.0,0,0,BAYC
7697,0,0.0,0.0,0.0,0.0,0,0,BAYC
7718,0,0.0,0.0,0.0,0.0,0,0,BAYC
7703,0,0.0,0.0,0.0,0.0,0,0,BAYC
7691,0,0.0,0.0,0.0,0.0,0,0,BAYC
7696,0,0.0,0.0,0.0,0.0,0,0,BAYC
7698,0,0.0,0.0,0.0,0.0,0,0,BAYC
7728,0,0.0,0.0,0.0,0.0,0,0,BAYC
7710,0,0.0,0.0,0.0,0.0,0,0,BAYC
7717,0,0.0,0.0,0.0,0.0,0,0,BAYC
7701,0,0.0,0.0,0.0,0.0,0,0,BAYC
7721,0,0.0,0.0,0.0,0.0,0,0,BAYC
7700,0,0.0,0.0,0.0,0.0,0,0,BAYC
7684,0,0.0,0.0,0.0,0.0,0,0,BAYC
7729,0,0.0,0.0,0.0,0.0,0,0,BAYC
7726,0,0.0,0.0,0.0,0.0,0,0,BAYC
7671,0,0.0,0.0,0.0,0.0,0,0,BAYC
7695,0,0.0,0.0,0.0,0.0,0,0,BAYC
7735,0,0.0,0.0,0.0,0.0,0,0,BAYC
7733,0,0.0,0.0,0.0,0.0,0,0,BAYC
7692,0,0.0,0.0,0.0,0.0,0,0,BAYC
7693,0,0.0,0.0,0.0,0.0,0,0,BAYC
7705,0,0.0,0.0,0.0,0.0,0,0,BAYC
7682,0,0.0,0.0,0.0,0.0,0,0,BAYC
7714,0,0.0,0.0,0.0,0.0,0,0,BAYC
7689,0,0.0,0.0,0.0,0.0,0,0,BAYC
7676,0,0.0,0.0,0.0,0.0,0,0,BAYC
7707,0,0.0,0.0,0.0,0.0,0,0,BAYC
7686,0,0.0,0.0,0.0,0.0,0,0,BAYC
7681,0,0.0,0.0,0.0,0.0,0,0,BAYC
7730,0,0.0,0.0,0.0,0.0,0,0,BAYC
7736,0,0.0,0.0,0.0,0.0,0,0,BAYC
7715,0,0.0,0.0,0.0,0.0,0,0,BAYC
7713,0,0.0,0.0,0.0,0.0,0,0,BAYC
7679,0,0.0,0.0,0.0,0.0,0,0,BAYC
7734,0,0.0,0.0,0.0,0.0,0,0,BAYC
7709,0,0.0,0.0,0.0,0.0,0,0,BAYC
7674,0,0.0,0.0,0.0,0.0,0,0,BAYC
7706,0,0.0,0.0,0.0,0.0,0,0,BAYC
7725,0,0.0,0.0,0.0,0.0,0,0,BAYC
7708,0,0.0,0.0,0.0,0.0,0,0,BAYC
7675,0,0.0,0.0,0.0,0.0,0,0,BAYC
7724,0,0.0,0.0,0.0,0.0,0,0,BAYC
7722,0,0.0,0.0,0.0,0.0,0,0,BAYC
7711,0,0.0,0.0,0.0,0.0,0,0,BAYC
7723,0,0.0,0.0,0.0,0.0,0,0,BAYC
7694,0,0.0,0.0,0.0,0.0,0,0,BAYC
7667,0,0.0,0.0,0.0,0.0,0,0,BAYC
7670,0,0.0,0.0,0.0,0.0,0,0,BAYC
7669,0,0.0,0.0,0.0,0.0,0,0,BAYC
7666,0,0.0,0.0,0.0,0.0,0,0,BAYC
7668,0,0.0,0.0,0.0,0.0,0,0,BAYC
7665,0,0.0,0.0,0.0,0.0,0,0,BAYC
7663,0,0.0,0.0,0.0,0.0,0,0,BAYC
7664,0,0.0,0.0,0.0,0.0,0,0,BAYC
7647,0,0.0,0.0,0.0,0.0,0,0,BAYC
7653,0,0.0,0.0,0.0,0.0,0,0,BAYC
7650,0,0.0,0.0,0.0,0.0,0,0,BAYC
7655,0,0.0,0.0,0.0,0.0,0,0,BAYC
7660,0,0.0,0.0,0.0,0.0,0,0,BAYC
7661,0,0.0,0.0,0.0,0.0,0,0,BAYC
7648,0,0.0,0.0,0.0,0.0,0,0,BAYC
7644,0,0.0,0.0,0.0,0.0,0,0,BAYC
7659,0,0.0,0.0,0.0,0.0,0,0,BAYC
7643,0,0.0,0.0,0.0,0.0,0,0,BAYC
7649,0,0.0,0.0,0.0,0.0,0,0,BAYC
7656,0,0.0,0.0,0.0,0.0,0,0,BAYC
7654,0,0.0,0.0,0.0,0.0,0,0,BAYC
7646,0,0.0,0.0,0.0,0.0,0,0,BAYC
7645,0,0.0,0.0,0.0,0.0,0,0,BAYC
7662,0,0.0,0.0,0.0,0.0,0,0,BAYC
7657,0,0.0,0.0,0.0,0.0,0,0,BAYC
7658,0,0.0,0.0,0.0,0.0,0,0,BAYC
7652,0,0.0,0.0,0.0,0.0,0,0,BAYC
7651,0,0.0,0.0,0.0,0.0,0,0,BAYC
7638,0,0.0,0.0,0.0,0.0,0,0,BAYC
7639,0,0.0,0.0,0.0,0.0,0,0,BAYC
7640,0,0.0,0.0,0.0,0.0,0,0,BAYC
7637,0,0.0,0.0,0.0,0.0,0,0,BAYC
7641,0,0.0,0.0,0.0,0.0,0,0,BAYC
7642,0,0.0,0.0,0.0,0.0,0,0,BAYC
7635,0,0.0,0.0,0.0,0.0,0,0,BAYC
7636,0,0.0,0.0,0.0,0.0,0,0,BAYC
7610,0,0.0,0.0,0.0,0.0,0,0,BAYC
7612,0,0.0,0.0,0.0,0.0,0,0,BAYC
7613,0,0.0,0.0,0.0,0.0,0,0,BAYC
7620,0,0.0,0.0,0.0,0.0,0,0,BAYC
7611,0,0.0,0.0,0.0,0.0,0,0,BAYC
7605,0,0.0,0.0,0.0,0.0,0,0,BAYC
7618,0,0.0,0.0,0.0,0.0,0,0,BAYC
7628,0,0.0,0.0,0.0,0.0,0,0,BAYC
7603,0,0.0,0.0,0.0,0.0,0,0,BAYC
7624,0,0.0,0.0,0.0,0.0,0,0,BAYC
7604,0,0.0,0.0,0.0,0.0,0,0,BAYC
7625,0,0.0,0.0,0.0,0.0,0,0,BAYC
7626,0,0.0,0.0,0.0,0.0,0,0,BAYC
7616,0,0.0,0.0,0.0,0.0,0,0,BAYC
7597,0,0.0,0.0,0.0,0.0,0,0,BAYC
7609,0,0.0,0.0,0.0,0.0,0,0,BAYC
7632,0,0.0,0.0,0.0,0.0,0,0,BAYC
7631,0,0.0,0.0,0.0,0.0,0,0,BAYC
7600,0,0.0,0.0,0.0,0.0,0,0,BAYC
7615,0,0.0,0.0,0.0,0.0,0,0,BAYC
7630,0,0.0,0.0,0.0,0.0,0,0,BAYC
7599,0,0.0,0.0,0.0,0.0,0,0,BAYC
7622,0,0.0,0.0,0.0,0.0,0,0,BAYC
7602,0,0.0,0.0,0.0,0.0,0,0,BAYC
7629,0,0.0,0.0,0.0,0.0,0,0,BAYC
7621,0,0.0,0.0,0.0,0.0,0,0,BAYC
7627,0,0.0,0.0,0.0,0.0,0,0,BAYC
7617,0,0.0,0.0,0.0,0.0,0,0,BAYC
7633,0,0.0,0.0,0.0,0.0,0,0,BAYC
7601,0,0.0,0.0,0.0,0.0,0,0,BAYC
7598,0,0.0,0.0,0.0,0.0,0,0,BAYC
7606,0,0.0,0.0,0.0,0.0,0,0,BAYC
7619,0,0.0,0.0,0.0,0.0,0,0,BAYC
7623,0,0.0,0.0,0.0,0.0,0,0,BAYC
7608,0,0.0,0.0,0.0,0.0,0,0,BAYC
7596,0,0.0,0.0,0.0,0.0,0,0,BAYC
7614,0,0.0,0.0,0.0,0.0,0,0,BAYC
7607,0,0.0,0.0,0.0,0.0,0,0,BAYC
7634,0,0.0,0.0,0.0,0.0,0,0,BAYC
7588,0,0.0,0.0,0.0,0.0,0,0,BAYC
7576,0,0.0,0.0,0.0,0.0,0,0,BAYC
7578,0,0.0,0.0,0.0,0.0,0,0,BAYC
7587,0,0.0,0.0,0.0,0.0,0,0,BAYC
7575,0,0.0,0.0,0.0,0.0,0,0,BAYC
7592,0,0.0,0.0,0.0,0.0,0,0,BAYC
7590,0,0.0,0.0,0.0,0.0,0,0,BAYC
7593,0,0.0,0.0,0.0,0.0,0,0,BAYC
7580,0,0.0,0.0,0.0,0.0,0,0,BAYC
7594,0,0.0,0.0,0.0,0.0,0,0,BAYC
7583,0,0.0,0.0,0.0,0.0,0,0,BAYC
7582,0,0.0,0.0,0.0,0.0,0,0,BAYC
7574,0,0.0,0.0,0.0,0.0,0,0,BAYC
7589,0,0.0,0.0,0.0,0.0,0,0,BAYC
7591,0,0.0,0.0,0.0,0.0,0,0,BAYC
7579,0,0.0,0.0,0.0,0.0,0,0,BAYC
7584,0,0.0,0.0,0.0,0.0,0,0,BAYC
7581,0,0.0,0.0,0.0,0.0,0,0,BAYC
7585,0,0.0,0.0,0.0,0.0,0,0,BAYC
7577,0,0.0,0.0,0.0,0.0,0,0,BAYC
7586,0,0.0,0.0,0.0,0.0,0,0,BAYC
7595,0,0.0,0.0,0.0,0.0,0,0,BAYC
7549,0,0.0,0.0,0.0,0.0,0,0,BAYC
7569,0,0.0,0.0,0.0,0.0,0,0,BAYC
7548,0,0.0,0.0,0.0,0.0,0,0,BAYC
7545,0,0.0,0.0,0.0,0.0,0,0,BAYC
7567,0,0.0,0.0,0.0,0.0,0,0,BAYC
7556,0,0.0,0.0,0.0,0.0,0,0,BAYC
7547,0,0.0,0.0,0.0,0.0,0,0,BAYC
7561,0,0.0,0.0,0.0,0.0,0,0,BAYC
7573,0,0.0,0.0,0.0,0.0,0,0,BAYC
7557,0,0.0,0.0,0.0,0.0,0,0,BAYC
7542,0,0.0,0.0,0.0,0.0,0,0,BAYC
7564,0,0.0,0.0,0.0,0.0,0,0,BAYC
7565,0,0.0,0.0,0.0,0.0,0,0,BAYC
7563,0,0.0,0.0,0.0,0.0,0,0,BAYC
7540,0,0.0,0.0,0.0,0.0,0,0,BAYC
7539,0,0.0,0.0,0.0,0.0,0,0,BAYC
7553,0,0.0,0.0,0.0,0.0,0,0,BAYC
7546,0,0.0,0.0,0.0,0.0,0,0,BAYC
7570,0,0.0,0.0,0.0,0.0,0,0,BAYC
7543,0,0.0,0.0,0.0,0.0,0,0,BAYC
7551,0,0.0,0.0,0.0,0.0,0,0,BAYC
7554,0,0.0,0.0,0.0,0.0,0,0,BAYC
7566,0,0.0,0.0,0.0,0.0,0,0,BAYC
7568,0,0.0,0.0,0.0,0.0,0,0,BAYC
7572,0,0.0,0.0,0.0,0.0,0,0,BAYC
7544,0,0.0,0.0,0.0,0.0,0,0,BAYC
7552,0,0.0,0.0,0.0,0.0,0,0,BAYC
7541,0,0.0,0.0,0.0,0.0,0,0,BAYC
7571,0,0.0,0.0,0.0,0.0,0,0,BAYC
7560,0,0.0,0.0,0.0,0.0,0,0,BAYC
7562,0,0.0,0.0,0.0,0.0,0,0,BAYC
7555,0,0.0,0.0,0.0,0.0,0,0,BAYC
7559,0,0.0,0.0,0.0,0.0,0,0,BAYC
7558,0,0.0,0.0,0.0,0.0,0,0,BAYC
7550,0,0.0,0.0,0.0,0.0,0,0,BAYC
7536,0,0.0,0.0,0.0,0.0,0,0,BAYC
7534,0,0.0,0.0,0.0,0.0,0,0,BAYC
7530,0,0.0,0.0,0.0,0.0,0,0,BAYC
7532,0,0.0,0.0,0.0,0.0,0,0,BAYC
7531,0,0.0,0.0,0.0,0.0,0,0,BAYC
7538,0,0.0,0.0,0.0,0.0,0,0,BAYC
7529,0,0.0,0.0,0.0,0.0,0,0,BAYC
7533,0,0.0,0.0,0.0,0.0,0,0,BAYC
7537,0,0.0,0.0,0.0,0.0,0,0,BAYC
7535,0,0.0,0.0,0.0,0.0,0,0,BAYC
7525,0,0.0,0.0,0.0,0.0,0,0,BAYC
7526,0,0.0,0.0,0.0,0.0,0,0,BAYC
7522,0,0.0,0.0,0.0,0.0,0,0,BAYC
7518,0,0.0,0.0,0.0,0.0,0,0,BAYC
7524,0,0.0,0.0,0.0,0.0,0,0,BAYC
7528,0,0.0,0.0,0.0,0.0,0,0,BAYC
7515,0,0.0,0.0,0.0,0.0,0,0,BAYC
7516,0,0.0,0.0,0.0,0.0,0,0,BAYC
7520,0,0.0,0.0,0.0,0.0,0,0,BAYC
7519,0,0.0,0.0,0.0,0.0,0,0,BAYC
7521,0,0.0,0.0,0.0,0.0,0,0,BAYC
7517,0,0.0,0.0,0.0,0.0,0,0,BAYC
7514,0,0.0,0.0,0.0,0.0,0,0,BAYC
7527,0,0.0,0.0,0.0,0.0,0,0,BAYC
7523,0,0.0,0.0,0.0,0.0,0,0,BAYC
7513,0,0.0,0.0,0.0,0.0,0,0,BAYC
7512,0,0.0,0.0,0.0,0.0,0,0,BAYC
7495,0,0.0,0.0,0.0,0.0,0,0,BAYC
7509,0,0.0,0.0,0.0,0.0,0,0,BAYC
7482,0,0.0,0.0,0.0,0.0,0,0,BAYC
7508,0,0.0,0.0,0.0,0.0,0,0,BAYC
7503,0,0.0,0.0,0.0,0.0,0,0,BAYC
7492,0,0.0,0.0,0.0,0.0,0,0,BAYC
7494,0,0.0,0.0,0.0,0.0,0,0,BAYC
7511,0,0.0,0.0,0.0,0.0,0,0,BAYC
7500,0,0.0,0.0,0.0,0.0,0,0,BAYC
7499,0,0.0,0.0,0.0,0.0,0,0,BAYC
7505,0,0.0,0.0,0.0,0.0,0,0,BAYC
7486,0,0.0,0.0,0.0,0.0,0,0,BAYC
7491,0,0.0,0.0,0.0,0.0,0,0,BAYC
7493,0,0.0,0.0,0.0,0.0,0,0,BAYC
7501,0,0.0,0.0,0.0,0.0,0,0,BAYC
7490,0,0.0,0.0,0.0,0.0,0,0,BAYC
7489,0,0.0,0.0,0.0,0.0,0,0,BAYC
7510,0,0.0,0.0,0.0,0.0,0,0,BAYC
7484,0,0.0,0.0,0.0,0.0,0,0,BAYC
7483,0,0.0,0.0,0.0,0.0,0,0,BAYC
7506,0,0.0,0.0,0.0,0.0,0,0,BAYC
7487,0,0.0,0.0,0.0,0.0,0,0,BAYC
7498,0,0.0,0.0,0.0,0.0,0,0,BAYC
7488,0,0.0,0.0,0.0,0.0,0,0,BAYC
7485,0,0.0,0.0,0.0,0.0,0,0,BAYC
7496,0,0.0,0.0,0.0,0.0,0,0,BAYC
7502,0,0.0,0.0,0.0,0.0,0,0,BAYC
7504,0,0.0,0.0,0.0,0.0,0,0,BAYC
7507,0,0.0,0.0,0.0,0.0,0,0,BAYC
7497,0,0.0,0.0,0.0,0.0,0,0,BAYC
7467,0,0.0,0.0,0.0,0.0,0,0,BAYC
7473,0,0.0,0.0,0.0,0.0,0,0,BAYC
7466,0,0.0,0.0,0.0,0.0,0,0,BAYC
7474,0,0.0,0.0,0.0,0.0,0,0,BAYC
7480,0,0.0,0.0,0.0,0.0,0,0,BAYC
7475,0,0.0,0.0,0.0,0.0,0,0,BAYC
7465,0,0.0,0.0,0.0,0.0,0,0,BAYC
7471,0,0.0,0.0,0.0,0.0,0,0,BAYC
7469,0,0.0,0.0,0.0,0.0,0,0,BAYC
7481,0,0.0,0.0,0.0,0.0,0,0,BAYC
7478,0,0.0,0.0,0.0,0.0,0,0,BAYC
7468,0,0.0,0.0,0.0,0.0,0,0,BAYC
7477,0,0.0,0.0,0.0,0.0,0,0,BAYC
7470,0,0.0,0.0,0.0,0.0,0,0,BAYC
7464,0,0.0,0.0,0.0,0.0,0,0,BAYC
7472,0,0.0,0.0,0.0,0.0,0,0,BAYC
7476,0,0.0,0.0,0.0,0.0,0,0,BAYC
7479,0,0.0,0.0,0.0,0.0,0,0,BAYC
7463,0,0.0,0.0,0.0,0.0,0,0,BAYC
7451,0,0.0,0.0,0.0,0.0,0,0,BAYC
7446,0,0.0,0.0,0.0,0.0,0,0,BAYC
7448,0,0.0,0.0,0.0,0.0,0,0,BAYC
7450,0,0.0,0.0,0.0,0.0,0,0,BAYC
7441,0,0.0,0.0,0.0,0.0,0,0,BAYC
7459,0,0.0,0.0,0.0,0.0,0,0,BAYC
7461,0,0.0,0.0,0.0,0.0,0,0,BAYC
7444,0,0.0,0.0,0.0,0.0,0,0,BAYC
7458,0,0.0,0.0,0.0,0.0,0,0,BAYC
7460,0,0.0,0.0,0.0,0.0,0,0,BAYC
7452,0,0.0,0.0,0.0,0.0,0,0,BAYC
7462,0,0.0,0.0,0.0,0.0,0,0,BAYC
7445,0,0.0,0.0,0.0,0.0,0,0,BAYC
7453,0,0.0,0.0,0.0,0.0,0,0,BAYC
7449,0,0.0,0.0,0.0,0.0,0,0,BAYC
7457,0,0.0,0.0,0.0,0.0,0,0,BAYC
7454,0,0.0,0.0,0.0,0.0,0,0,BAYC
7447,0,0.0,0.0,0.0,0.0,0,0,BAYC
7456,0,0.0,0.0,0.0,0.0,0,0,BAYC
7442,0,0.0,0.0,0.0,0.0,0,0,BAYC
7455,0,0.0,0.0,0.0,0.0,0,0,BAYC
7443,0,0.0,0.0,0.0,0.0,0,0,BAYC
7436,0,0.0,0.0,0.0,0.0,0,0,BAYC
7431,0,0.0,0.0,0.0,0.0,0,0,BAYC
7439,0,0.0,0.0,0.0,0.0,0,0,BAYC
7438,0,0.0,0.0,0.0,0.0,0,0,BAYC
7437,0,0.0,0.0,0.0,0.0,0,0,BAYC
7434,0,0.0,0.0,0.0,0.0,0,0,BAYC
7435,0,0.0,0.0,0.0,0.0,0,0,BAYC
7432,0,0.0,0.0,0.0,0.0,0,0,BAYC
7433,0,0.0,0.0,0.0,0.0,0,0,BAYC
7440,0,0.0,0.0,0.0,0.0,0,0,BAYC
7430,0,0.0,0.0,0.0,0.0,0,0,BAYC
7427,0,0.0,0.0,0.0,0.0,0,0,BAYC
7429,0,0.0,0.0,0.0,0.0,0,0,BAYC
7428,0,0.0,0.0,0.0,0.0,0,0,BAYC
7425,0,0.0,0.0,0.0,0.0,0,0,BAYC
7426,0,0.0,0.0,0.0,0.0,0,0,BAYC
7424,0,0.0,0.0,0.0,0.0,0,0,BAYC
7422,0,0.0,0.0,0.0,0.0,0,0,BAYC
7423,0,0.0,0.0,0.0,0.0,0,0,BAYC
7409,0,0.0,0.0,0.0,0.0,0,0,BAYC
7414,0,0.0,0.0,0.0,0.0,0,0,BAYC
7419,0,0.0,0.0,0.0,0.0,0,0,BAYC
7411,0,0.0,0.0,0.0,0.0,0,0,BAYC
7417,0,0.0,0.0,0.0,0.0,0,0,BAYC
7410,0,0.0,0.0,0.0,0.0,0,0,BAYC
7415,0,0.0,0.0,0.0,0.0,0,0,BAYC
7418,0,0.0,0.0,0.0,0.0,0,0,BAYC
7407,0,0.0,0.0,0.0,0.0,0,0,BAYC
7413,0,0.0,0.0,0.0,0.0,0,0,BAYC
7421,0,0.0,0.0,0.0,0.0,0,0,BAYC
7408,0,0.0,0.0,0.0,0.0,0,0,BAYC
7420,0,0.0,0.0,0.0,0.0,0,0,BAYC
7416,0,0.0,0.0,0.0,0.0,0,0,BAYC
7412,0,0.0,0.0,0.0,0.0,0,0,BAYC
7395,15,18.91692,29.5688,0.49,283.7538,1,1,BAYC
7401,2,0.675,0.7,0.65,1.35,1,1,BAYC
7405,4,31.1,72.0,0.55,124.4,1,1,BAYC
7398,1,6.1,6.1,6.1,6.1,1,1,BAYC
7397,3,3.508333333333333,6.5,0.35,10.525,1,1,BAYC
7406,3,11.716666666666669,33.0,0.25,35.15,1,1,BAYC
7402,6,43.5648,88.8888,1.0,261.3888,1,1,BAYC
7404,22,59.40177272727272,89.089,0.25,1306.839,1,1,BAYC
7403,3,107.83333333333331,212.0,26.5,323.5,1,1,BAYC
7399,9,15.418444444444445,45.0,2.39,138.766,1,1,BAYC
7394,6,7.41,20.0,0.4,44.46,1,1,BAYC
7400,7,28.80824285714285,78.0,2.77,201.6577,1,1,BAYC
7396,4,9.4375,23.0,1.1,37.75,1,1,BAYC
7388,7,18.45285714285714,44.44,0.4,129.17,1,1,BAYC
7375,3,20.08333333333333,33.5,9.25,60.25,1,1,BAYC
7366,11,28.594545454545457,60.41,5.8,314.54,1,1,BAYC
7368,3,11.8,20.0,5.5,35.4,1,1,BAYC
7357,2,45.2,50.0,40.4,90.4,1,1,BAYC
7373,4,14.855,38.0,0.34,59.42,1,1,BAYC
7390,3,68.13033333333334,111.111,0.4,204.391,1,1,BAYC
7363,0,0.0,0.0,0.0,0.0,0,0,BAYC
7346,4,17.2922,25.5,13.7688,69.1688,1,1,BAYC
7354,20,15.152,62.0,4.3,303.04,1,1,BAYC
7356,3,5.933333333333334,9.0,0.9,17.8,1,1,BAYC
7367,6,37.7722,90.0,23.99,226.6332,1,1,BAYC
7391,17,22.968823529411765,69.42,0.6,390.47,1,1,BAYC
7377,9,17.33555544444444,31.0,2.4,156.01999899999998,1,1,BAYC
7361,4,5.012225,13.499,1.25,20.0489,1,1,BAYC
7364,1,0.38,0.38,0.38,0.38,1,1,BAYC
7358,4,45.515,57.77,34.6,182.06,1,1,BAYC
7374,2,17.494999999999997,19.99,15.0,34.989999999999995,1,1,BAYC
7350,12,57.93123791666667,78.1,5.5,695.174855,1,1,BAYC
7359,5,20.2878,58.88,8.999,101.439,1,1,BAYC
7383,5,3.76,10.0,0.6,18.8,1,1,BAYC
7384,2,3.9605,5.421,2.5,7.921,1,1,BAYC
7392,3,119.66666666666669,240.0,3.0,359.0,1,1,BAYC
7382,2,24.42,48.5,0.34,48.84,1,1,BAYC
7347,14,19.773707142857145,57.777,6.5999,276.8319,1,1,BAYC
7360,3,10.616666666666667,13.75,7.1,31.85,1,1,BAYC
7389,6,32.885,97.0,0.4,197.31,1,1,BAYC
7387,23,33.6552,50.0,0.4,774.0696,1,1,BAYC
7385,5,18.496,70.0,0.5,92.48,1,1,BAYC
7379,4,27.79225,55.0,9.2,111.169,1,1,BAYC
7370,7,25.97,50.0,4.7,181.79,1,1,BAYC
7365,3,48.8,56.4,44.0,146.4,1,1,BAYC
7351,8,56.757375,75.4,37.0,454.059,1,1,BAYC
7371,2,57.0,64.0,50.0,114.0,1,1,BAYC
7355,2,28.385,47.0,9.77,56.77,1,1,BAYC
7376,3,7.881666666666667,9.865,3.99,23.645,1,1,BAYC
7348,4,17.4525,35.31,2.5,69.81,1,1,BAYC
7381,4,120.72,155.0,58.88,482.88,1,1,BAYC
7349,13,30.81628461538461,99.0,4.2,400.6117,1,1,BAYC
7378,11,54.09714936363636,94.99,5.9,595.068643,1,1,BAYC
7380,32,45.3474655,100.99,0.38,1451.118896,1,1,BAYC
7353,5,57.664,78.1,5.2,288.32,1,1,BAYC
7393,3,35.10666666666666,95.0,0.33,105.32,1,1,BAYC
7344,2,6.0,11.0,1.0,12.0,1,1,BAYC
7352,0,0.0,0.0,0.0,0.0,0,0,BAYC
7386,1,0.75,0.75,0.75,0.75,1,1,BAYC
7372,1,5.8,5.8,5.8,5.8,1,1,BAYC
7369,16,34.086,94.0,0.32,545.376,1,1,BAYC
7345,1,210.0,210.0,210.0,210.0,1,1,BAYC
7343,7,19.22388571428572,35.99,9.0,134.5672,1,1,BAYC
7362,13,15.188146153846152,26.7,4.4,197.4459,1,1,BAYC
7328,9,32.02784444444444,74.99,0.8,288.2506,1,1,BAYC
7331,34,20.67545,78.1,0.0697,702.9653,1,1,BAYC
7342,1,0.12,0.12,0.12,0.12,1,1,BAYC
7330,5,67.52759999999999,116.0,0.25,337.638,1,1,BAYC
7335,12,43.272841666666665,66.08,0.12,519.2741,1,1,BAYC
7329,8,6.419874999999999,38.69,0.4,51.359,1,1,BAYC
7336,5,42.549400000000006,71.0,6.027,212.747,1,1,BAYC
7337,4,18.78725,20.999,15.35,75.149,1,1,BAYC
7333,8,15.085625,52.5,0.3,120.685,1,1,BAYC
7338,9,8.942222222222222,26.75,2.75,80.48,1,1,BAYC
7341,0,0.0,0.0,0.0,0.0,0,0,BAYC
7339,2,97.5,128.0,67.0,195.0,1,1,BAYC
7332,4,52.6025,145.0,0.42,210.41,1,1,BAYC
7334,2,5.5,10.0,1.0,11.0,1,1,BAYC
7340,8,38.192475,111.0,1.002,305.5398,1,1,BAYC
7324,4,27.9625,69.69,12.87,111.85,1,1,BAYC
7325,2,1.6275,1.95,1.305,3.255,1,1,BAYC
7323,11,21.194595454545453,72.99,0.16,233.14055,1,1,BAYC
7327,3,18.73,28.69,10.5,56.19,1,1,BAYC
7326,5,33.974000000000004,87.77,2.9,169.87,1,1,BAYC
7303,3,14.6,30.3,4.5,43.8,1,1,BAYC
7310,0,0.0,0.0,0.0,0.0,0,0,BAYC
7321,2,15.9945,17.999,13.99,31.989,1,1,BAYC
7305,30,49.02524393333333,80.13,6.15,1470.757318,1,1,BAYC
7315,7,22.53898571428571,51.0,0.33,157.7729,1,1,BAYC
7299,12,18.004825,30.0,1.78,216.0579,1,1,BAYC
7318,3,8.238766666666667,12.2864,0.1499,24.7163,1,1,BAYC
7311,7,50.91285714285714,79.0,5.5,356.39,1,1,BAYC
7314,3,0.574536,0.823608,0.4,1.723608,1,1,BAYC
7295,3,7.016666666666667,18.0,1.31,21.05,1,1,BAYC
7301,3,59.45233366666667,134.5,19.857001,178.357001,1,1,BAYC
7317,4,14.87975,16.999,12.47,59.519,1,1,BAYC
7297,0,0.0,0.0,0.0,0.0,0,0,BAYC
7308,7,40.32600000000001,104.0,0.782,282.28200000000004,1,1,BAYC
7307,2,1.27,1.79,0.75,2.54,1,1,BAYC
7313,6,21.416666666666668,65.0,2.1,128.5,1,1,BAYC
7294,7,40.141,142.069,1.76,280.987,1,1,BAYC
7319,5,41.57598,105.0,0.1999,207.8799,1,1,BAYC
7316,8,17.821793875,34.9344,8.0,142.574351,1,1,BAYC
7320,5,40.05976,64.99,0.6888,200.2988,1,1,BAYC
7298,2,34.905,60.01,9.8,69.81,1,1,BAYC
7302,1,120.0,120.0,120.0,120.0,1,1,BAYC
7312,2,1.6545,1.849,1.46,3.309,1,1,BAYC
7322,2,45.09,90.0,0.18,90.18,1,1,BAYC
7296,12,16.649166666666666,84.5,0.7,199.79,1,1,BAYC
7309,6,29.704386666666664,104.2069,0.16942,178.22632,1,1,BAYC
7300,5,36.464,99.42,0.7,182.32,1,1,BAYC
7304,9,6.93,13.26,5.6,62.37,1,1,BAYC
7306,1,1.5,1.5,1.5,1.5,1,1,BAYC
7292,62,43.611580629032254,75.45,0.15,2703.917999,1,1,BAYC
7289,1,0.39,0.39,0.39,0.39,1,1,BAYC
7290,5,6.815,16.19,0.195,34.075,1,1,BAYC
7287,0,0.0,0.0,0.0,0.0,0,0,BAYC
7293,1,0.6,0.6,0.6,0.6,1,1,BAYC
7291,14,42.76645,77.2525,0.15,598.7302999999999,1,1,BAYC
7288,1,0.24,0.24,0.24,0.24,1,1,BAYC
7271,2,3.55,6.1,1.0,7.1,1,1,BAYC
7286,2,38.5,75.0,2.0,77.0,1,1,BAYC
7285,3,18.096666666666668,48.49,0.3,54.29,1,1,BAYC
7261,1,0.33,0.33,0.33,0.33,1,1,BAYC
7264,1,0.74,0.74,0.74,0.74,1,1,BAYC
7272,4,18.4275,56.0,0.01,73.71000000000001,1,1,BAYC
7275,2,0.69,0.88,0.5,1.38,1,1,BAYC
7268,3,26.808000000000003,76.45,1.0,80.424,1,1,BAYC
7262,9,25.83319755555556,74.0,0.4,232.498778,1,1,BAYC
7274,12,26.62183333333333,139.0,0.24,319.462,1,1,BAYC
7277,4,12.0625,24.5,0.27,48.25,1,1,BAYC
7280,0,0.0,0.0,0.0,0.0,0,0,BAYC
7283,5,5.5345974,9.4,0.375,27.672987,1,1,BAYC
7276,3,11.473366666666664,17.7001,0.27,34.4201,1,1,BAYC
7265,3,84.66666666666667,200.0,5.0,254.0,1,1,BAYC
7281,0,0.0,0.0,0.0,0.0,0,0,BAYC
7273,8,12.6211125,35.169,0.27,100.9689,1,1,BAYC
7279,12,7.600624083333333,13.38,0.25,91.207489,1,1,BAYC
7270,6,25.5128,99.0,0.168,153.0768,1,1,BAYC
7267,6,30.543333333333333,59.88,1.5,183.26,1,1,BAYC
7284,11,26.89453636363636,58.0,0.3,295.8399,1,1,BAYC
7282,2,43.0,79.1,6.9,86.0,1,1,BAYC
7263,8,7.60375,15.0,1.5,60.83,1,1,BAYC
7266,3,6.333333333333333,15.0,1.5,19.0,1,1,BAYC
7278,9,24.91333333333333,102.0,0.27,224.22,1,1,BAYC
7269,8,21.14,66.0,0.5,169.12,1,1,BAYC
7251,14,18.723104714285714,41.69,0.374,262.123466,1,1,BAYC
7241,10,9.3776,18.49,4.0,93.776,1,1,BAYC
7256,5,75.4156,188.0,0.088,377.078,1,1,BAYC
7239,10,31.0108,43.7,11.597,310.108,1,1,BAYC
7247,6,34.29416666666667,105.9,1.077,205.765,1,1,BAYC
7246,6,33.131750000000004,100.0,9.5,198.7905,1,1,BAYC
7249,13,13.269536923076924,70.0,0.9,172.50398,1,1,BAYC
7252,1,7.5,7.5,7.5,7.5,1,1,BAYC
7255,7,28.887,53.69,0.445,202.209,1,1,BAYC
7237,1,37.77,37.77,37.77,37.77,1,1,BAYC
7253,2,45.25,55.5,35.0,90.5,1,1,BAYC
7259,4,10.7475,40.0,0.84,42.99,1,1,BAYC
7260,4,39.159225,138.0,4.2069,156.6369,1,1,BAYC
7240,2,24.5,39.0,10.0,49.0,1,1,BAYC
7258,4,55.93125,104.0,0.735,223.725,1,1,BAYC
7250,6,78.93573333333333,99.5,38.7777,473.6144,1,1,BAYC
7243,1,88.0,88.0,88.0,88.0,1,1,BAYC
7245,2,36.885,72.88,0.89,73.77,1,1,BAYC
7242,0,0.0,0.0,0.0,0.0,0,0,BAYC
7248,11,17.408636363636365,68.0,8.777,191.495,1,1,BAYC
7238,8,18.708318375,38.0,1.0999,149.666547,1,1,BAYC
7244,13,16.82956923076923,35.0,13.5,218.7844,1,1,BAYC
7257,4,6.3125,11.0,0.25,25.25,1,1,BAYC
7254,1,48.0,48.0,48.0,48.0,1,1,BAYC
7234,4,1.047975,1.9299,0.24,4.1919,1,1,BAYC
7226,2,0.845,1.2,0.49,1.69,1,1,BAYC
7224,5,79.038,109.5,50.0,395.19,1,1,BAYC
7222,9,19.687,72.0,0.425,177.183,1,1,BAYC
7214,4,22.23725,44.0,0.369,88.949,1,1,BAYC
7209,12,40.859675,97.0,0.1949,490.3161,1,1,BAYC
7204,2,66.495,130.0,2.99,132.99,1,1,BAYC
7231,3,1.4666666666666668,1.7,1.3,4.4,1,1,BAYC
7213,8,24.312625,98.0,0.25,194.501,1,1,BAYC
7218,5,5.015574,15.4,0.93787,25.07787,1,1,BAYC
7232,8,24.876325,104.99,0.26,199.0106,1,1,BAYC
7206,4,31.1625,110.0,0.27,124.65,1,1,BAYC
7233,2,0.8,1.0,0.6,1.6,1,1,BAYC
7203,3,38.96,66.99,1.99,116.88,1,1,BAYC
7225,3,0.8033333333333333,1.1,0.4,2.41,1,1,BAYC
7216,8,57.7850375,185.0,0.49,462.2803,1,1,BAYC
7211,4,3.74495,8.5,0.1949,14.9798,1,1,BAYC
7235,6,68.68166666666667,112.0,0.55,412.09,1,1,BAYC
7205,5,28.946000000000005,46.8,0.23,144.73000000000002,1,1,BAYC
7215,2,0.3995,0.4,0.399,0.799,1,1,BAYC
7228,0,0.0,0.0,0.0,0.0,0,0,BAYC
7230,20,38.6559505,102.0,1.6,773.11901,1,1,BAYC
7227,3,50.333333333333336,100.0,9.0,151.0,1,1,BAYC
7220,9,64.68777777777778,115.0,0.99,582.19,1,1,BAYC
7207,4,3.9725,13.25,0.29,15.89,1,1,BAYC
7210,11,13.027985454545457,21.476,0.999,143.30784,1,1,BAYC
7236,4,39.25,108.0,1.0,157.0,1,1,BAYC
7208,2,47.445,86.9,7.99,94.89,1,1,BAYC
7229,5,3.6774,6.35,0.5,18.387,1,1,BAYC
7217,2,5.477,10.595,0.359,10.954,1,1,BAYC
7219,22,27.05749568181818,30.68,0.275,595.264905,1,1,BAYC
7223,2,0.625,0.97,0.28,1.25,1,1,BAYC
7212,1,0.189,0.189,0.189,0.189,1,1,BAYC
7221,2,40.895,80.0,1.79,81.79,1,1,BAYC
7194,12,54.96025,505.0,2.999,659.523,1,1,BAYC
7196,4,2.5,3.5,0.89,10.0,1,1,BAYC
7193,6,10.41765,46.3009,0.395,62.5059,1,1,BAYC
7199,12,10.568075,12.13,1.499,126.8169,1,1,BAYC
7197,2,5.499499999999999,6.5,4.499,10.999,1,1,BAYC
7190,1,7.0,7.0,7.0,7.0,1,1,BAYC
7198,5,14.566,14.89,13.98,72.83,1,1,BAYC
7192,0,0.0,0.0,0.0,0.0,0,0,BAYC
7191,8,21.170914875,78.0,12.15,169.367319,1,1,BAYC
7195,4,9.81475,15.97,2.499,39.259,1,1,BAYC
7202,7,51.93714285714286,112.0,0.08,363.56,1,1,BAYC
7201,6,8.957256,23.469,1.999,53.743536,1,1,BAYC
7200,6,27.483166666666666,75.0,0.899,164.899,1,1,BAYC
7189,5,11.001763,35.0,0.138915,55.008815,1,1,BAYC
7186,4,35.8975,72.0,0.25,143.59,1,1,BAYC
7187,1,2.0,2.0,2.0,2.0,1,1,BAYC
7183,5,14.038208,14.35,13.471,70.19104,1,1,BAYC
7185,0,0.0,0.0,0.0,0.0,0,0,BAYC
7184,13,25.947923076923075,96.5,11.601,337.323,1,1,BAYC
7188,7,22.916985714285715,53.2,0.49,160.4189,1,1,BAYC
7160,1,59.9999,59.9999,59.9999,59.9999,1,1,BAYC
7177,0,0.0,0.0,0.0,0.0,0,0,BAYC
7153,4,43.9225,69.69,10.0,175.69,1,1,BAYC
7158,2,0.72,1.0,0.44,1.44,1,1,BAYC
7166,3,26.82,44.98,0.73,80.46,1,1,BAYC
7182,4,34.625,133.0,1.0,138.5,1,1,BAYC
7159,6,17639.271666666667,105555.0,0.63,105835.63,1,1,BAYC
7170,11,10.576736363636364,18.8888,0.57,116.3441,1,1,BAYC
7157,7,3.769,12.35,0.4,26.383,1,1,BAYC
7179,0,0.0,0.0,0.0,0.0,0,0,BAYC
7151,10,32.4929,91.0,0.36,324.929,1,1,BAYC
7173,1,0.350311,0.350311,0.350311,0.350311,1,1,BAYC
7181,12,16.174741666666666,46.66,0.99,194.0969,1,1,BAYC
7156,1,5.9,5.9,5.9,5.9,1,1,BAYC
7168,1,2.213251,2.213251,2.213251,2.213251,1,1,BAYC
7174,2,57.1,80.0,34.2,114.2,1,1,BAYC
7162,2,5.025,9.6,0.45,10.05,1,1,BAYC
7150,7,45.18571428571429,114.0,0.3,316.3,1,1,BAYC
7175,31,37.53157903225807,45.53,0.75,1163.47895,1,1,BAYC
7171,15,21.482350333333333,31.0,0.52,322.235255,1,1,BAYC
7176,6,13.3715,14.8,12.39,80.229,1,1,BAYC
7152,7,7.7,24.5,0.36,53.9,1,1,BAYC
7172,1,89.9999,89.9999,89.9999,89.9999,1,1,BAYC
7165,12,8.615833333333333,29.99,0.13,103.39,1,1,BAYC
7164,1,0.45,0.45,0.45,0.45,1,1,BAYC
7161,2,107.37495,114.75,99.9999,214.7499,1,1,BAYC
7180,21,8.993238095238095,15.1,2.99,188.858,1,1,BAYC
7167,30,45.036024,78.1,4.5,1351.08072,1,1,BAYC
7154,5,1.5218,3.95,0.12,7.609,1,1,BAYC
7178,0,0.0,0.0,0.0,0.0,0,0,BAYC
7155,9,14.449766666666669,49.99,7.5,130.0479,1,1,BAYC
7163,0,0.0,0.0,0.0,0.0,0,0,BAYC
7169,0,0.0,0.0,0.0,0.0,0,0,BAYC
7133,9,25.873798,50.0,3.45,232.864182,1,1,BAYC
7144,3,0.9423333333333334,1.24,0.547,2.827,1,1,BAYC
7131,9,26.698888888888888,65.0,0.5,240.29,1,1,BAYC
7128,7,8.710571428571429,53.0,0.3,60.974,1,1,BAYC
7140,20,43.7745,69.88,0.75,875.49,1,1,BAYC
7132,10,28.55927,78.15,0.4,285.5927,1,1,BAYC
7129,4,3.7505,6.5,0.732,15.002,1,1,BAYC
7145,5,26.176,116.1,1.25,130.88,1,1,BAYC
7141,2,1.005,1.68,0.33,2.01,1,1,BAYC
7116,45,45.567196244444446,93.8,3.1e-05,2050.523831,1,1,BAYC
7142,3,21.0,58.0,2.0,63.0,1,1,BAYC
7126,1,0.3,0.3,0.3,0.3,1,1,BAYC
7120,3,51.215,150.0,0.245,153.645,1,1,BAYC
7147,6,2.5877666666666665,6.57,0.26,15.5266,1,1,BAYC
7135,3,6.013333333333333,9.81,0.74,18.04,1,1,BAYC
7117,4,11.1775,16.4,0.22,44.71,1,1,BAYC
7143,2,3.195,5.89,0.5,6.39,1,1,BAYC
7134,3,20.08666666666667,30.0,0.75,60.260000000000005,1,1,BAYC
7137,6,10.018333333333333,23.18,0.3,60.11,1,1,BAYC
7149,5,5.65002,9.4472,0.245,28.2501,1,1,BAYC
7114,5,30.988,114.95,2.5,154.94,1,1,BAYC
7130,4,35.344375,68.88,8.0,141.3775,1,1,BAYC
7123,8,13.150625,30.88,0.095,105.205,1,1,BAYC
7118,1,1.75,1.75,1.75,1.75,1,1,BAYC
7139,6,28.078516666666665,81.8,0.31,168.47109999999998,1,1,BAYC
7125,2,5.65,10.5,0.8,11.3,1,1,BAYC
7136,1,1.3,1.3,1.3,1.3,1,1,BAYC
7138,2,6.9225,13.345,0.5,13.845,1,1,BAYC
7121,2,6.5200000000000005,12.55,0.49,13.04,1,1,BAYC
7124,3,15.88,47.0,0.15,47.64,1,1,BAYC
7113,3,42.36333333333333,111.1,0.99,127.09,1,1,BAYC
7146,4,22.825,54.5,0.3,91.3,1,1,BAYC
7127,0,0.0,0.0,0.0,0.0,0,0,BAYC
7119,3,5.493333333333333,12.0,0.49,16.48,1,1,BAYC
7115,8,17.684,62.0,0.19,141.472,1,1,BAYC
7122,7,29.38598571428572,114.2069,0.185,205.7019,1,1,BAYC
7148,6,23.281666666666663,109.69,0.5,139.69,1,1,BAYC
7112,18,10.835883277777777,41.98,0.15,195.045899,1,1,BAYC
7109,8,44.02,129.0,0.41,352.16,1,1,BAYC
7110,3,100.35183333333332,155.5555,38.0,301.0555,1,1,BAYC
7111,6,16.701400000000003,48.88,0.2,100.2084,1,1,BAYC
7088,4,35.5,36.62,34.35,142.0,1,1,BAYC
7093,2,73.3,75.0,71.6,146.6,1,1,BAYC
7098,2,0.27595,0.3899,0.162,0.5519000000000001,1,1,BAYC
7101,4,15.12,36.84,5.5,60.48,1,1,BAYC
7095,2,12.0,19.0,5.0,24.0,1,1,BAYC
7084,1,28.5,28.5,28.5,28.5,1,1,BAYC
7081,1,92.0,92.0,92.0,92.0,1,1,BAYC
7090,2,399.5,600.0,199.0,799.0,1,1,BAYC
7079,15,24.8605578,36.62,9.16,372.908367,1,1,BAYC
7096,1,200.0,200.0,200.0,200.0,1,1,BAYC
7078,2,77.407,77.814,77.0,154.814,1,1,BAYC
7085,1,61.0,61.0,61.0,61.0,1,1,BAYC
7080,3,6.0,8.0,2.5,18.0,1,1,BAYC
7108,1,1.0,1.0,1.0,1.0,1,1,BAYC
7076,2,151.0,301.0,1.0,302.0,1,1,BAYC
7091,3,34.14,75.42,3.0,102.42,1,1,BAYC
7100,1,5.0,5.0,5.0,5.0,1,1,BAYC
7102,5,51.028,169.69,5.0,255.14,1,1,BAYC
7077,8,8.2333625,11.99,4.0,65.8669,1,1,BAYC
7105,1,2.0,2.0,2.0,2.0,1,1,BAYC
7092,1,105.0,105.0,105.0,105.0,1,1,BAYC
7107,2,41.41,82.0,0.82,82.82,1,1,BAYC
7075,6,9.79415,55.55,0.33,58.7649,1,1,BAYC
7104,8,31.232552125,75.0,5.0,249.860417,1,1,BAYC
7103,6,16.541666666666668,27.0,7.25,99.25,1,1,BAYC
7089,15,51.53599933333333,110.0,4.0,773.03999,1,1,BAYC
7087,1,135.0,135.0,135.0,135.0,1,1,BAYC
7097,2,14.55,21.0,8.1,29.1,1,1,BAYC
7099,1,4.67,4.67,4.67,4.67,1,1,BAYC
7083,43,34.19896253488373,75.0,4.0,1470.555389,1,1,BAYC
7094,2,103.5,107.0,100.0,207.0,1,1,BAYC
7086,2,72.925,85.85,60.0,145.85,1,1,BAYC
7106,4,25.924225,78.1,3.41,103.6969,1,1,BAYC
7082,7,65.95714285714286,120.0,11.15,461.7,1,1,BAYC
7061,0,0.0,0.0,0.0,0.0,0,0,BAYC
7063,5,2.506,5.95,0.75,12.53,1,1,BAYC
7049,3,3.3666666666666667,7.0,1.2,10.1,1,1,BAYC
7052,4,27.935,73.49,5.0,111.74,1,1,BAYC
7068,4,16.2675,46.0,5.45,65.07,1,1,BAYC
7057,22,27.165813545454547,140.0,9.3,597.647898,1,1,BAYC
7060,5,38.938,90.0,5.0,194.69,1,1,BAYC
7051,11,26.774454545454542,90.99,0.77,294.519,1,1,BAYC
7070,2,4.15,5.3,3.0,8.3,1,1,BAYC
7065,2,97.845,118.0,77.69,195.69,1,1,BAYC
7055,3,13.543333333333331,38.69,0.75,40.63,1,1,BAYC
7067,3,59.313,169.69,2.0,177.939,1,1,BAYC
7050,13,52.39538461538461,75.35,26.11,681.14,1,1,BAYC
7058,0,0.0,0.0,0.0,0.0,0,0,BAYC
7062,29,37.25048272413793,45.7,0.75,1080.263999,1,1,BAYC
7059,6,23.5094,92.5,1.5864,141.0564,1,1,BAYC
7048,3,43.63666666666666,50.0,35.41,130.91,1,1,BAYC
7074,3,3.8633,9.39,0.95,11.5899,1,1,BAYC
7053,5,20.718,53.5,1.31,103.59,1,1,BAYC
7072,0,0.0,0.0,0.0,0.0,0,0,BAYC
7056,16,16.845290187499998,64.99,1.9,269.524643,1,1,BAYC
7069,10,13.46165,31.49,0.6175,134.6165,1,1,BAYC
7071,0,0.0,0.0,0.0,0.0,0,0,BAYC
7054,1,95.0,95.0,95.0,95.0,1,1,BAYC
7064,3,37.66333333333333,73.0,14.99,112.99,1,1,BAYC
7073,1,1.25,1.25,1.25,1.25,1,1,BAYC
7066,0,0.0,0.0,0.0,0.0,0,0,BAYC
7045,7,25.004279285714286,122.0,0.44,175.029955,1,1,BAYC
7043,22,19.995497727272724,51.69,0.59,439.90095,1,1,BAYC
7040,8,19.975,75.0,0.44,159.8,1,1,BAYC
7021,1,0.97,0.97,0.97,0.97,1,1,BAYC
7025,3,5.6933333333333325,12.5,1.25,17.08,1,1,BAYC
7037,0,0.0,0.0,0.0,0.0,0,0,BAYC
7026,2,5.44,9.0,1.88,10.88,1,1,BAYC
7041,26,43.74746923076923,53.72,17.6969,1137.4342,1,1,BAYC
7028,5,59.66,98.0,31.0,298.3,1,1,BAYC
7033,7,25.19757142857143,87.233,0.42,176.383,1,1,BAYC
7039,3,33.68333333333333,87.0,6.06,101.05,1,1,BAYC
7046,5,22.52158,76.0,1.488,112.6079,1,1,BAYC
7031,8,19.0908125,48.35,0.4,152.7265,1,1,BAYC
7032,5,54.396,115.0,3.88,271.98,1,1,BAYC
7042,9,22.88098888888889,70.0,0.47,205.9289,1,1,BAYC
7027,9,55.84914688888889,129.0,4.2,502.642322,1,1,BAYC
7044,1,0.49,0.49,0.49,0.49,1,1,BAYC
7020,2,6.15,9.5,2.8,12.3,1,1,BAYC
7036,1,0.475,0.475,0.475,0.475,1,1,BAYC
7023,1,6.7,6.7,6.7,6.7,1,1,BAYC
7030,4,39.99325,145.0,3.84,159.973,1,1,BAYC
7024,6,13.728325166666666,35.0,0.46,82.369951,1,1,BAYC
