identifier,transaction_count,avg_price_eth,max_price_eth,min_price_eth,total_volume_eth,unique_buyers,unique_sellers,collection
8884,21,4.766947619047619,10.89,0.1699,100.1059,1,1,Pudgy Penguins
8874,18,4.124513333333334,5.54,0.055,74.24124,1,1,Pudgy Penguins
8873,2,0.165,0.275,0.055,0.33,1,1,Pudgy Penguins
8885,2,0.69,1.2,0.18,1.38,1,1,Pudgy Penguins
8887,13,10.193976923076924,29.949,0.34,132.5217,1,1,Pudgy Penguins
8878,3,1.0550333333333333,1.9969,0.195,3.1651,1,1,Pudgy Penguins
8877,2,0.747,1.069,0.425,1.494,1,1,Pudgy Penguins
8883,7,6.949285428571429,11.11,0.425,48.644998,1,1,Pudgy Penguins
8882,9,6.910965555555555,14.12,0.185,62.19869,1,1,Pudgy Penguins
8875,14,6.3354,14.68,0.055,88.6956,1,1,Pudgy Penguins
8886,19,10.716753,15.32,0.14,203.618307,1,1,Pudgy Penguins
8879,49,5.521975510204081,17.8,0.375,270.5768,1,1,Pudgy Penguins
8876,3,2.2133333333333334,3.5,0.4,6.640000000000001,1,1,Pudgy Penguins
8880,2,1.375,2.5,0.25,2.75,1,1,Pudgy Penguins
8881,3,1.018333333333333,2.0,0.055,3.055,1,1,Pudgy Penguins
8830,3,2.3749,3.4747,0.8,7.1247,1,1,Pudgy Penguins
8782,2,0.74995,1.4499,0.05,1.4999,1,1,Pudgy Penguins
8814,4,15.005,36.33,2.4,60.02,1,1,Pudgy Penguins
8863,15,7.363859333333334,14.7,0.22,110.45789,1,1,Pudgy Penguins
8852,6,4.540833333333333,10.28,0.085,27.245,1,1,Pudgy Penguins
8865,3,0.4516666666666666,0.99,0.015,1.355,1,1,Pudgy Penguins
8810,72,6.523644847222222,25.89,1.5,469.702429,1,1,Pudgy Penguins
8835,1,0.1,0.1,0.1,0.1,1,1,Pudgy Penguins
8825,16,3.33330625,17.83,0.049,53.3329,1,1,Pudgy Penguins
8808,21,9.411708761904762,13.48,0.9,197.645884,1,1,Pudgy Penguins
8778,7,1.1687,2.64,0.05,8.1809,1,1,Pudgy Penguins
8848,5,1.191,2.25,0.025,5.955,1,1,Pudgy Penguins
8866,5,0.98738,1.99,0.05,4.9369,1,1,Pudgy Penguins
8775,7,3.569614285714285,5.88,0.045,24.9873,1,1,Pudgy Penguins
8811,3,2.033333333333333,3.3,1.1,6.1,1,1,Pudgy Penguins
8791,5,2.03,3.99,0.05,10.15,1,1,Pudgy Penguins
8854,8,7.17440025,10.54,0.0235,57.395202,1,1,Pudgy Penguins
8864,8,5.3339875,20.84,1.4999,42.6719,1,1,Pudgy Penguins
8820,0,0.0,0.0,0.0,0.0,0,0,Pudgy Penguins
8784,13,9.33079223076923,34.19,0.05,121.300299,1,1,Pudgy Penguins
8831,30,6.1670804666666665,31.6,0.25,185.012414,1,1,Pudgy Penguins
8807,19,5.680588842105263,15.819988,1.1,107.931188,1,1,Pudgy Penguins
8793,16,5.0374375,10.59,0.05,80.599,1,1,Pudgy Penguins
8803,14,13.97616407142857,34.7,0.88,195.666297,1,1,Pudgy Penguins
8779,61,4.462103491803279,7.0888,0.05,272.188313,1,1,Pudgy Penguins
8799,10,14.148493000000002,40.0,0.2,141.48493000000002,1,1,Pudgy Penguins
8822,2,14.935,19.88,9.99,29.87,1,1,Pudgy Penguins
8777,22,4.458311545454546,15.298,0.045,98.082854,1,1,Pudgy Penguins
8842,9,2.6951,7.5,0.12,24.2559,1,1,Pudgy Penguins
8860,4,7.2425,13.365,0.145,28.97,1,1,Pudgy Penguins
8786,2,0.165,0.28,0.05,0.33,1,1,Pudgy Penguins
8834,13,7.560918538461538,16.179951,0.15,98.291941,1,1,Pudgy Penguins
8832,10,2.617493,5.89993,0.05,26.17493,1,1,Pudgy Penguins
8789,3,2.438,4.284,0.05,7.314,1,1,Pudgy Penguins
8806,11,6.4106,11.22,1.1,70.5166,1,1,Pudgy Penguins
8794,7,4.4357114285714285,12.14898,0.3,31.04998,1,1,Pudgy Penguins
8798,3,0.118,0.2,0.054,0.354,1,1,Pudgy Penguins
8853,3,7.466666666666666,14.9,1.75,22.4,1,1,Pudgy Penguins
8845,4,0.499475,0.9499,0.02,1.9979,1,1,Pudgy Penguins
8826,6,0.5975333333333334,2.0,0.049,3.5852,1,1,Pudgy Penguins
8801,4,10.458425,17.301,0.0547,41.8337,1,1,Pudgy Penguins
8843,6,2.87,6.8,0.03,17.22,1,1,Pudgy Penguins
8840,20,3.402955,4.49,0.04,68.0591,1,1,Pudgy Penguins
8816,1,1.174,1.174,1.174,1.174,1,1,Pudgy Penguins
8812,1,1.1,1.1,1.1,1.1,1,1,Pudgy Penguins
8813,15,4.05994,5.2462,0.33,60.8991,1,1,Pudgy Penguins
8790,15,4.176733333333333,9.45,0.045,62.651,1,1,Pudgy Penguins
8823,12,6.8747495,10.48,0.9,82.496994,1,1,Pudgy Penguins
8785,9,1.2106666666666668,2.68,0.05,10.896,1,1,Pudgy Penguins
8862,2,0.255,0.35,0.16,0.51,1,1,Pudgy Penguins
8827,6,1.0416833333333333,3.0,0.049,6.2501,1,1,Pudgy Penguins
8783,13,8.723592307692307,20.99,0.05,113.4067,1,1,Pudgy Penguins
8805,6,7.454999999999999,18.49,1.1,44.73,1,1,Pudgy Penguins
8815,8,2.96655,4.8559,0.339,23.7324,1,1,Pudgy Penguins
8855,7,1.8790714285714287,3.33,0.0235,13.1535,1,1,Pudgy Penguins
8837,20,4.96297,9.739,0.0669,99.2594,1,1,Pudgy Penguins
8818,4,2.2335000000000003,4.76,0.344,8.934000000000001,1,1,Pudgy Penguins
8846,15,3.1248603333333334,4.95,0.0122,46.872905,1,1,Pudgy Penguins
8795,6,1.764,3.5,0.054,10.584,1,1,Pudgy Penguins
8867,5,1.7752,6.0,0.025,8.876,1,1,Pudgy Penguins
8800,1,1.5,1.5,1.5,1.5,1,1,Pudgy Penguins
8849,9,6.6907776666666665,11.987999,0.4,60.216999,1,1,Pudgy Penguins
8850,16,15.216185375,32.5,0.2,243.458966,1,1,Pudgy Penguins
8792,14,3.07715,6.06,0.05,43.0801,1,1,Pudgy Penguins
8829,10,4.8156300000000005,9.382,0.05,48.1563,1,1,Pudgy Penguins
8817,7,1.6658571428571427,3.098,0.2,11.661,1,1,Pudgy Penguins
8788,10,7.8426,18.15,0.013,78.426,1,1,Pudgy Penguins
8861,8,1.375763875,3.8,0.185,11.006111,1,1,Pudgy Penguins
8856,3,2.1148333333333333,5.631,0.0235,6.3445,1,1,Pudgy Penguins
8802,21,4.084970952380952,9.2,0.0549,85.78439,1,1,Pudgy Penguins
8796,11,1.8660909090909088,5.1429,0.032,20.527,1,1,Pudgy Penguins
8776,15,3.4439456,5.54,0.045,51.659184,1,1,Pudgy Penguins
8847,4,0.46255,1.0,0.0122,1.8502,1,1,Pudgy Penguins
8828,3,0.5096666666666666,0.98,0.049,1.529,1,1,Pudgy Penguins
8797,5,7.818821,33.0,0.053,39.094105,1,1,Pudgy Penguins
8833,12,3.8308325,10.69,0.05,45.96999,1,1,Pudgy Penguins
8844,20,2.987945,7.08,0.012,59.7589,1,1,Pudgy Penguins
8857,11,1.7827636363636363,4.92,0.0235,19.6104,1,1,Pudgy Penguins
8851,10,8.7013486,22.79,0.0549,87.013486,1,1,Pudgy Penguins
8841,15,7.083433333333333,21.69,0.0115,106.2515,1,1,Pudgy Penguins
8872,6,2.7416666666666667,6.5,1.04,16.45,1,1,Pudgy Penguins
8774,8,3.39299875,5.38,0.05,27.14399,1,1,Pudgy Penguins
8787,10,6.408,12.55,0.05,64.08,1,1,Pudgy Penguins
8838,3,0.7400000000000001,2.0,0.03,2.22,1,1,Pudgy Penguins
8781,6,3.161666666666666,7.25,0.05,18.97,1,1,Pudgy Penguins
8821,5,1.5804,2.222,0.88,7.902,1,1,Pudgy Penguins
8868,7,3.6955714285714287,6.57,2.089,25.869,1,1,Pudgy Penguins
8809,2,6.5,12.0,1.0,13.0,1,1,Pudgy Penguins
8870,50,6.55207,17.5,1.69,327.6035,1,1,Pudgy Penguins
8858,3,0.3940999999999999,0.969,0.0235,1.1823,1,1,Pudgy Penguins
8859,23,8.904846826086956,18.18,0.0235,204.811477,1,1,Pudgy Penguins
8869,11,10.468645454545454,31.9,0.988,115.1551,1,1,Pudgy Penguins
8780,25,3.75839448,5.5,0.052,93.959862,1,1,Pudgy Penguins
8819,8,8.560500000000001,9.72,6.1,68.48400000000001,1,1,Pudgy Penguins
8839,9,1.0734,2.1999,0.05,9.6606,1,1,Pudgy Penguins
8871,12,7.0946225,20.65,0.9987,85.13547,1,1,Pudgy Penguins
8836,4,1.6955,2.95,0.012,6.782,1,1,Pudgy Penguins
8824,6,5.143166666666667,6.06,1.45,30.859,1,1,Pudgy Penguins
8804,4,1.765,3.18,0.8,7.06,1,1,Pudgy Penguins
8698,5,7.631780000000001,12.851,0.9789,38.1589,1,1,Pudgy Penguins
8685,9,5.512922222222222,20.68,0.1111,49.6163,1,1,Pudgy Penguins
8718,3,1.7849000000000002,2.0777,1.5,5.3547,1,1,Pudgy Penguins
8745,31,5.392839032258064,18.668,0.0888,167.17801,1,1,Pudgy Penguins
8766,4,1.97,3.2,0.24,7.880000000000001,1,1,Pudgy Penguins
8721,0,0.0,0.0,0.0,0.0,0,0,Pudgy Penguins
8709,15,8.7052858,12.340687,0.7,130.579287,1,1,Pudgy Penguins
8674,7,1.9585352857142857,3.5,0.0469,13.709747,1,1,Pudgy Penguins
8773,1,0.099,0.099,0.099,0.099,1,1,Pudgy Penguins
8711,20,6.59915,15.95,0.835,131.983,1,1,Pudgy Penguins
8747,40,5.255417,11.7498,0.048,210.21668,1,1,Pudgy Penguins
8723,21,5.531275714285714,13.26,2.59,116.15679,1,1,Pudgy Penguins
8681,5,1.01042,2.19,0.2222,5.052099999999999,1,1,Pudgy Penguins
8694,1,8.75,8.75,8.75,8.75,1,1,Pudgy Penguins
8689,28,5.693996785714285,12.7,0.4444,159.43191,1,1,Pudgy Penguins
8724,6,3.5431666666666666,8.0,0.059,21.259,1,1,Pudgy Penguins
8696,6,10.706616666666667,11.99,8.0,64.2397,1,1,Pudgy Penguins
8734,7,9.11514285714286,21.75,0.058,63.806,1,1,Pudgy Penguins
8740,10,4.2328,12.778,1.15,42.328,1,1,Pudgy Penguins
8763,7,1.7397142857142858,3.29,0.049,12.178,1,1,Pudgy Penguins
8697,22,3.709995454545455,4.95,0.99,81.6199,1,1,Pudgy Penguins
8768,8,9.411,19.0,0.449,75.288,1,1,Pudgy Penguins
8714,3,1.8856333333333333,3.4,0.95,5.6569,1,1,Pudgy Penguins
8751,10,3.4496900000000004,4.4,0.05,34.496900000000004,1,1,Pudgy Penguins
8703,25,7.5624702,14.88,0.81,189.061755,1,1,Pudgy Penguins
8717,3,2.2,3.0,1.0,6.6,1,1,Pudgy Penguins
8743,3,0.32,0.56,0.05,0.96,1,1,Pudgy Penguins
8769,19,8.614415368421053,19.88,0.135,163.673892,1,1,Pudgy Penguins
8670,7,8.759557142857144,25.79,0.0469,61.3169,1,1,Pudgy Penguins
8739,6,1.2253333333333334,2.5,0.04,7.352,1,1,Pudgy Penguins
8752,4,0.844175,2.75,0.0777,3.3767,1,1,Pudgy Penguins
8692,4,3.01725,10.069,0.25,12.069,1,1,Pudgy Penguins
8683,5,6.55038,11.0,0.2222,32.7519,1,1,Pudgy Penguins
8738,11,5.853454545454546,18.3,1.05,64.388,1,1,Pudgy Penguins
8672,4,3.409725,10.5,0.0469,13.6389,1,1,Pudgy Penguins
8726,10,5.6902,24.75,0.25,56.902,1,1,Pudgy Penguins
8716,9,3.5316666666666667,6.75,1.19,31.785,1,1,Pudgy Penguins
8753,10,7.66169,17.777,0.0899,76.6169,1,1,Pudgy Penguins
8690,3,11.448933333333336,13.5678,8.81,34.3468,1,1,Pudgy Penguins
8759,2,3.874,7.7,0.048,7.748,1,1,Pudgy Penguins
8727,5,5.264,8.5,0.38,26.32,1,1,Pudgy Penguins
8671,23,10.37111495652174,40.0,0.0469,238.535644,1,1,Pudgy Penguins
8678,13,1.1532283076923078,3.3,0.2222,14.991968,1,1,Pudgy Penguins
8676,18,4.940484388888889,12.66,0.052,88.928719,1,1,Pudgy Penguins
8730,32,6.0711390625,17.5,0.04,194.27645,1,1,Pudgy Penguins
8699,2,2.5,3.3,1.7,5.0,1,1,Pudgy Penguins
8728,6,1.4165,3.83,0.25,8.499,1,1,Pudgy Penguins
8702,1,5.08,5.08,5.08,5.08,1,1,Pudgy Penguins
8765,31,5.086774193548387,19.45,0.449,157.69,1,1,Pudgy Penguins
8710,4,6.485,10.15,0.99,25.94,1,1,Pudgy Penguins
8693,19,9.397647368421053,22.8,0.4444,178.5553,1,1,Pudgy Penguins
8750,16,7.3164406875,20.1279,0.04,117.063051,1,1,Pudgy Penguins
8731,3,0.11,0.25,0.03,0.33,1,1,Pudgy Penguins
8705,3,3.2100000000000004,4.0,1.99,9.63,1,1,Pudgy Penguins
8772,2,0.14,0.19,0.09,0.28,1,1,Pudgy Penguins
8754,7,8.546214142857142,23.499999,0.254,59.823499,1,1,Pudgy Penguins
8757,38,3.994842078947368,5.65,0.055,151.803999,1,1,Pudgy Penguins
8720,1,1.5,1.5,1.5,1.5,1,1,Pudgy Penguins
8715,1,1.85,1.85,1.85,1.85,1,1,Pudgy Penguins
8737,78,5.9401785897435895,31.69,0.853,463.33393,1,1,Pudgy Penguins
8761,20,7.057264999999999,16.5,0.054,141.1453,1,1,Pudgy Penguins
8713,28,8.762563107142856,16.13,2.5,245.351767,1,1,Pudgy Penguins
8722,8,6.1712711250000005,11.768169,0.059,49.370169,1,1,Pudgy Penguins
8673,7,1.5609857142857142,2.66,0.0469,10.9269,1,1,Pudgy Penguins
8748,3,0.7666666666666666,1.25,0.05,2.3,1,1,Pudgy Penguins
8732,2,0.6698999999999999,0.9398,0.4,1.3398,1,1,Pudgy Penguins
8719,5,4.454,6.57,1.5,22.27,1,1,Pudgy Penguins
8741,33,8.475248151515153,20.4795,1.44,279.683189,1,1,Pudgy Penguins
8756,14,12.226303571428572,36.95,0.252,171.16825,1,1,Pudgy Penguins
8706,14,9.07555,22.0,0.9789,127.0577,1,1,Pudgy Penguins
8695,21,6.14592380952381,16.98,0.25,129.0644,1,1,Pudgy Penguins
8675,6,4.21845,6.88,0.052,25.3107,1,1,Pudgy Penguins
8688,39,6.409410717948718,19.01,0.1111,249.967018,1,1,Pudgy Penguins
8771,2,1.639,3.15,0.128,3.278,1,1,Pudgy Penguins
8700,8,9.950399375,13.0,0.9789,79.603195,1,1,Pudgy Penguins
8755,14,4.366280714285714,10.0,0.92,61.12793,1,1,Pudgy Penguins
8679,3,5.896666666666667,13.24,0.25,17.69,1,1,Pudgy Penguins
8746,9,4.48098888888889,27.5,0.08,40.3289,1,1,Pudgy Penguins
8735,4,2.91,3.5,2.45,11.64,1,1,Pudgy Penguins
8749,14,7.458564285714286,24.79,0.05,104.4199,1,1,Pudgy Penguins
8708,9,11.197433333333333,29.987,2.5,100.7769,1,1,Pudgy Penguins
8680,23,7.953517391304348,33.05,4.08,182.9309,1,1,Pudgy Penguins
8682,19,7.64859947368421,19.05,0.25,145.32339,1,1,Pudgy Penguins
8677,17,2.926464705882353,5.088,0.4444,49.7499,1,1,Pudgy Penguins
8701,1,1.9,1.9,1.9,1.9,1,1,Pudgy Penguins
8725,31,7.299290322580645,40.0,0.25,226.278,1,1,Pudgy Penguins
8762,16,9.098143125,33.489,0.0545,145.57029,1,1,Pudgy Penguins
8758,7,4.150128571428572,9.88,0.055,29.0509,1,1,Pudgy Penguins
8770,13,3.897384615384616,6.2,0.03,50.666,1,1,Pudgy Penguins
8736,7,1.5505714285714285,7.2362,0.0888,10.854,1,1,Pudgy Penguins
8712,2,10.4065,16.313,4.5,20.813,1,1,Pudgy Penguins
8767,8,3.0701,4.5597,0.29,24.5608,1,1,Pudgy Penguins
8687,35,4.104532285714285,6.0,0.25,143.65863,1,1,Pudgy Penguins
8729,5,1.3874,2.3,0.32,6.936999999999999,1,1,Pudgy Penguins
8764,3,8.032333333333334,13.469,0.048,24.097,1,1,Pudgy Penguins
8707,2,0.845,0.88,0.81,1.69,1,1,Pudgy Penguins
8742,8,3.973025,13.399,0.0888,31.7842,1,1,Pudgy Penguins
8684,2,0.6261,1.03,0.2222,1.2522,1,1,Pudgy Penguins
8691,5,4.222,5.995,2.916,21.11,1,1,Pudgy Penguins
8704,3,2.74,3.5,2.13,8.219999999999999,1,1,Pudgy Penguins
8744,10,16.17193,28.6495,0.0469,161.7193,1,1,Pudgy Penguins
8686,3,12.653433333333334,14.0603,11.15,37.9603,1,1,Pudgy Penguins
8733,5,7.88,22.2,0.6,39.4,1,1,Pudgy Penguins
8760,10,2.011309,4.17399,0.053,20.11309,1,1,Pudgy Penguins
8574,10,5.2369799,11.65,0.9,52.369799,1,1,Pudgy Penguins
8634,5,0.5948,1.5,0.089,2.974,1,1,Pudgy Penguins
8567,2,1.73,3.4,0.06,3.46,1,1,Pudgy Penguins
8632,33,5.034342121212121,11.79899,0.15,166.13329,1,1,Pudgy Penguins
8618,5,3.85242,7.49,0.89,19.2621,1,1,Pudgy Penguins
8666,15,9.206220066666669,15.13,0.024401,138.093301,1,1,Pudgy Penguins
8638,15,6.685973333333333,18.0,0.049,100.2896,1,1,Pudgy Penguins
8639,15,4.199852666666667,6.21,0.0499,62.99779,1,1,Pudgy Penguins
8561,4,13.23375,19.49,3.98,52.935,1,1,Pudgy Penguins
8654,2,1.27775,2.5,0.0555,2.5555,1,1,Pudgy Penguins
8659,15,2.027816066666667,5.3,0.021941,30.417241,1,1,Pudgy Penguins
8657,5,0.7074,1.79,0.015,3.537,1,1,Pudgy Penguins
8590,11,0.887490909090909,2.65,0.0199,9.7624,1,1,Pudgy Penguins
8564,5,2.984,5.65,1.66,14.92,1,1,Pudgy Penguins
8626,4,5.09,16.58,0.38,20.36,1,1,Pudgy Penguins
8592,9,6.799166666666666,11.556,0.0275,61.1925,1,1,Pudgy Penguins
8586,17,9.190176470588236,18.5,0.14,156.233,1,1,Pudgy Penguins
8643,3,0.9549666666666666,2.79,0.025,2.8649,1,1,Pudgy Penguins
8584,18,2.393805555555556,4.5,0.015,43.0885,1,1,Pudgy Penguins
8611,8,5.49288,11.298,0.42,43.94304,1,1,Pudgy Penguins
8649,29,4.426140689655172,5.89,0.0499,128.35808,1,1,Pudgy Penguins
8599,5,2.845,7.0,0.1,14.225,1,1,Pudgy Penguins
8602,6,2.105833333333333,4.5,0.07,12.635,1,1,Pudgy Penguins
8636,10,7.35197,11.88,0.055,73.5197,1,1,Pudgy Penguins
8625,7,2.9513515714285714,11.11,0.02,20.659461,1,1,Pudgy Penguins
8583,9,1.3894444444444445,4.9,0.06,12.505,1,1,Pudgy Penguins
8579,8,1.5835,2.978,0.1,12.668,1,1,Pudgy Penguins
8600,14,1.9357142857142855,4.1,0.09,27.1,1,1,Pudgy Penguins
8612,18,4.1989777777777775,5.52,1.29,75.5816,1,1,Pudgy Penguins
8591,7,1.0570142857142857,3.0,0.0275,7.3991,1,1,Pudgy Penguins
8628,17,6.205917647058824,10.79,0.28,105.5006,1,1,Pudgy Penguins
8627,5,1.24586,2.479,0.25,6.2293,1,1,Pudgy Penguins
8620,5,6.766,10.9,0.99,33.83,1,1,Pudgy Penguins
8610,21,2.670952380952381,4.52,0.75,56.09,1,1,Pudgy Penguins
8594,4,1.20375,2.35,0.09,4.815,1,1,Pudgy Penguins
8562,2,14.2471,26.8,1.6942,28.4942,1,1,Pudgy Penguins
8633,24,10.220457375,22.699,2.21,245.290977,1,1,Pudgy Penguins
8597,5,0.5157,1.069,0.06,2.5785,1,1,Pudgy Penguins
8663,6,10.689644833333332,18.0,0.217869,64.137869,1,1,Pudgy Penguins
8660,1,0.99,0.99,0.99,0.99,1,1,Pudgy Penguins
8577,15,3.919313333333333,6.0,2.59,58.7897,1,1,Pudgy Penguins
8614,7,4.057357142857143,6.3,0.69,28.4015,1,1,Pudgy Penguins
8615,14,13.049307142857142,40.0,1.0,182.6903,1,1,Pudgy Penguins
8572,1,3.0,3.0,3.0,3.0,1,1,Pudgy Penguins
8637,31,4.286328999999999,6.1053,0.019,132.876199,1,1,Pudgy Penguins
8601,10,1.926,3.69,0.125,19.26,1,1,Pudgy Penguins
8604,17,8.28928794117647,18.99,1.4,140.917895,1,1,Pudgy Penguins
8646,16,628.4089062500001,10000.0,0.0499,10054.5425,1,1,Pudgy Penguins
8653,5,9.49398,36.22,0.0499,47.4699,1,1,Pudgy Penguins
8596,3,1.3383333333333336,3.68,0.06,4.015000000000001,1,1,Pudgy Penguins
8644,6,4.900049999999999,6.1,0.0499,29.4003,1,1,Pudgy Penguins
8565,14,7.309992357142858,27.5,0.06,102.339893,1,1,Pudgy Penguins
8595,87,5.677214632183908,16.0,0.09,493.917673,1,1,Pudgy Penguins
8581,6,13.080966666666669,18.8,8.1508,78.4858,1,1,Pudgy Penguins
8668,4,7.6436,18.5,0.0244,30.5744,1,1,Pudgy Penguins
8665,4,1.82996475,3.5,0.029859,7.319858999999999,1,1,Pudgy Penguins
8650,6,1.5366499999999998,3.5,0.0499,9.2199,1,1,Pudgy Penguins
8651,3,0.4899666666666666,1.17,0.0499,1.4699,1,1,Pudgy Penguins
8613,4,1.6255,2.98,0.473,6.502,1,1,Pudgy Penguins
8656,5,0.7501,2.2,0.045,3.7505,1,1,Pudgy Penguins
8589,8,0.8889375,1.67,0.0275,7.1115,1,1,Pudgy Penguins
8629,13,3.228480769230769,4.46,0.2,41.97025,1,1,Pudgy Penguins
8631,46,6.725669543478261,32.4,0.29,309.380799,1,1,Pudgy Penguins
8645,23,8.565034782608695,16.3,0.0499,196.9958,1,1,Pudgy Penguins
8603,8,4.8874875,6.0,0.9,39.0999,1,1,Pudgy Penguins
8578,4,9.13,11.29,3.6,36.52,1,1,Pudgy Penguins
8635,27,8.685514814814814,24.7,0.047,234.5089,1,1,Pudgy Penguins
8630,12,3.81125,4.91,0.175,45.735,1,1,Pudgy Penguins
8640,6,5.728149999999999,10.799,0.0499,34.3689,1,1,Pudgy Penguins
8623,9,3.744333333333333,9.45,0.15,33.699,1,1,Pudgy Penguins
8588,5,1.737,5.0,0.2,8.685,1,1,Pudgy Penguins
8669,2,7.815,15.5,0.13,15.63,1,1,Pudgy Penguins
8566,1,3.6,3.6,3.6,3.6,1,1,Pudgy Penguins
8605,6,9.509633333333332,18.9703,0.69,57.0578,1,1,Pudgy Penguins
8587,15,6.4286,24.5,0.225,96.429,1,1,Pudgy Penguins
8570,1,1.25,1.25,1.25,1.25,1,1,Pudgy Penguins
8598,19,6.334252631578947,32.245,0.065,120.3508,1,1,Pudgy Penguins
8575,6,6.15,15.8,2.5,36.9,1,1,Pudgy Penguins
8621,3,9.882181,18.88,0.89,29.646543,1,1,Pudgy Penguins
8563,64,5.03678840625,19.939951,2.4,322.354458,1,1,Pudgy Penguins
8667,13,4.011775999999999,10.09,0.01,52.153088,1,1,Pudgy Penguins
8606,7,7.196857142857143,11.85,0.85,50.378,1,1,Pudgy Penguins
8569,7,3.438742857142857,4.02,1.6942,24.0712,1,1,Pudgy Penguins
8571,3,2.466666666666667,2.85,2.2,7.4,1,1,Pudgy Penguins
8658,2,0.27775,0.5,0.0555,0.5555,1,1,Pudgy Penguins
8585,6,1.2286666666666666,2.897,0.05,7.372,1,1,Pudgy Penguins
8641,10,9.15199,32.0,0.0499,91.5199,1,1,Pudgy Penguins
8576,0,0.0,0.0,0.0,0.0,0,0,Pudgy Penguins
8580,17,4.164796588235294,5.69,0.1,70.801542,1,1,Pudgy Penguins
8568,22,8.892131681818183,10.34,2.6,195.626897,1,1,Pudgy Penguins
8616,8,2.7989113750000003,4.16,1.3,22.391291,1,1,Pudgy Penguins
8647,5,4.2558778,5.489989,0.0499,21.279389,1,1,Pudgy Penguins
8608,6,4.930968166666667,9.02,1.4,29.585809,1,1,Pudgy Penguins
8609,4,21.06725,28.869,0.99,84.269,1,1,Pudgy Penguins
8617,6,1.808,2.69,1.0,10.848,1,1,Pudgy Penguins
8622,7,3.997142857142857,11.6,0.99,27.98,1,1,Pudgy Penguins
8619,9,14.914444444444444,35.8,0.79,134.23,1,1,Pudgy Penguins
8624,7,2.971857142857143,7.206,0.45,20.803,1,1,Pudgy Penguins
8607,6,7.226665,18.83999,1.0,43.35999,1,1,Pudgy Penguins
8652,12,8.595325,20.777,0.0499,103.1439,1,1,Pudgy Penguins
8642,20,9.82226025,29.42,0.0222,196.445205,1,1,Pudgy Penguins
8661,4,1.04252925,3.2,0.030117,4.170117,1,1,Pudgy Penguins
8573,9,12.178788888888889,16.93,2.1001,109.6091,1,1,Pudgy Penguins
8593,3,0.3673333333333333,0.75,0.077,1.102,1,1,Pudgy Penguins
8648,17,3.509935294117647,5.999,0.0499,59.6689,1,1,Pudgy Penguins
8655,5,6.859100000000001,25.0,0.0555,34.295500000000004,1,1,Pudgy Penguins
8582,17,13.497576470588236,38.4,0.15,229.4588,1,1,Pudgy Penguins
8662,7,3.100027428571429,8.6543,0.043372,21.700192,1,1,Pudgy Penguins
8664,37,5.187216189189189,6.04,0.024399,191.926999,1,1,Pudgy Penguins
8471,5,0.7594000000000001,1.1,0.02,3.797,1,1,Pudgy Penguins
8541,11,7.719345272727272,12.84,0.0198,84.912798,1,1,Pudgy Penguins
8542,18,6.580440555555556,27.33,0.0298,118.44793,1,1,Pudgy Penguins
8537,6,0.9189833333333332,2.8,0.0139,5.5139,1,1,Pudgy Penguins
8493,2,3.395,4.5,2.29,6.79,1,1,Pudgy Penguins
8490,5,10.4594,15.11,1.5,52.297,1,1,Pudgy Penguins
8498,2,1.47,1.49,1.45,2.94,1,1,Pudgy Penguins
8554,8,7.22749875,12.92999,3.5,57.81999,1,1,Pudgy Penguins
8506,32,8.19753078125,17.83,0.25,262.320985,1,1,Pudgy Penguins
8496,8,4.4979735,9.078788,0.075,35.983788,1,1,Pudgy Penguins
8479,2,0.05,0.055,0.045,0.1,1,1,Pudgy Penguins
8523,10,5.3917,11.25,0.028,53.917,1,1,Pudgy Penguins
8495,6,0.9445,2.949,0.05,5.667,1,1,Pudgy Penguins
8533,6,2.106666666666667,3.7,0.39,12.64,1,1,Pudgy Penguins
8482,0,0.0,0.0,0.0,0.0,0,0,Pudgy Penguins
8544,16,3.4532375,11.999,0.0198,55.2518,1,1,Pudgy Penguins
8559,7,8.078100000000001,14.9497,0.03,56.5467,1,1,Pudgy Penguins
8525,3,2.036,6.0,0.049,6.108,1,1,Pudgy Penguins
8553,3,2.356,3.5,1.768,7.068,1,1,Pudgy Penguins
8475,3,0.2733333333333334,0.5,0.08,0.8200000000000001,1,1,Pudgy Penguins
8478,3,10.1186,30.0503,0.0555,30.3558,1,1,Pudgy Penguins
8546,0,0.0,0.0,0.0,0.0,0,0,Pudgy Penguins
8514,2,1.5075,3.0,0.015,3.015,1,1,Pudgy Penguins
8535,10,10.08896,22.68,0.022,100.8896,1,1,Pudgy Penguins
8543,7,5.286842857142857,10.9,0.0279,37.0079,1,1,Pudgy Penguins
8517,21,7.030125428571428,12.28,0.014,147.632634,1,1,Pudgy Penguins
8538,6,1.9068166666666664,3.33,0.0129,11.4409,1,1,Pudgy Penguins
8477,4,0.12755,0.299,0.0111,0.5102,1,1,Pudgy Penguins
8518,38,6.841122368421052,14.4,0.015,259.96265,1,1,Pudgy Penguins
8468,4,1.02475,2.19,0.1,4.099,1,1,Pudgy Penguins
8522,34,7.961014323529412,15.009701,0.05,270.674487,1,1,Pudgy Penguins
8499,9,1.4753333333333334,3.99,0.06,13.278,1,1,Pudgy Penguins
8527,19,3.099393368421053,4.7985,0.06,58.888474,1,1,Pudgy Penguins
8508,9,7.150944444444445,14.44,0.98,64.3585,1,1,Pudgy Penguins
8507,10,5.7269995,11.649995,0.25,57.269995,1,1,Pudgy Penguins
8516,2,1.6375,3.0,0.275,3.275,1,1,Pudgy Penguins
8497,8,1.316125,2.7,0.055,10.529,1,1,Pudgy Penguins
8483,47,6.909750680851064,27.5,0.3,324.758282,1,1,Pudgy Penguins
8548,0,0.0,0.0,0.0,0.0,0,0,Pudgy Penguins
8534,12,4.543166666666667,11.0,0.12,54.518,1,1,Pudgy Penguins
8550,39,4.1984,6.04,0.05,163.7376,1,1,Pudgy Penguins
8503,3,0.9466666666666668,2.39,0.06,2.8400000000000003,1,1,Pudgy Penguins
8558,33,3.433438151515152,4.87,0.45,113.303459,1,1,Pudgy Penguins
8524,4,1.694625,2.45,0.3,6.7785,1,1,Pudgy Penguins
8531,13,16.075770538461537,35.78,0.93,208.985017,1,1,Pudgy Penguins
8539,2,0.0951999999999999,0.1765,0.0139,0.1903999999999999,1,1,Pudgy Penguins
8492,26,5.141418884615385,9.86,0.94,133.676891,1,1,Pudgy Penguins
8474,27,3.936814814814815,5.71,0.02,106.294,1,1,Pudgy Penguins
8491,8,6.1691,18.888,0.2,49.3528,1,1,Pudgy Penguins
8536,9,3.1799444444444447,4.45,0.0199,28.6195,1,1,Pudgy Penguins
8489,0,0.0,0.0,0.0,0.0,0,0,Pudgy Penguins
8473,27,5.867481703703704,15.849951,0.025,158.422006,1,1,Pudgy Penguins
8555,3,0.8183333333333334,0.99,0.7167,2.455,1,1,Pudgy Penguins
8500,10,1.3012,3.4,0.03,13.012,1,1,Pudgy Penguins
8485,16,10.453885125,17.22999,1.25,167.26216200000002,1,1,Pudgy Penguins
8472,39,8.423286358974359,18.18,0.02,328.508168,1,1,Pudgy Penguins
8552,4,0.415625,0.6125,0.3,1.6625,1,1,Pudgy Penguins
8556,1,12.0,12.0,12.0,12.0,1,1,Pudgy Penguins
8519,4,1.794,3.69,0.046,7.176,1,1,Pudgy Penguins
8469,23,3.993778260869565,11.199,0.0429,91.8569,1,1,Pudgy Penguins
8505,1,0.21,0.21,0.21,0.21,1,1,Pudgy Penguins
8530,8,3.9172,7.5,0.06,31.3376,1,1,Pudgy Penguins
8528,7,2.6130142857142857,4.92,0.06,18.2911,1,1,Pudgy Penguins
8487,4,5.88225,12.889,1.0,23.529,1,1,Pudgy Penguins
8501,5,0.439,1.5,0.05,2.1950000000000003,1,1,Pudgy Penguins
8488,35,8.037397342857142,14.18,0.35,281.308907,1,1,Pudgy Penguins
8481,1,20.0,20.0,20.0,20.0,1,1,Pudgy Penguins
8480,43,9.999970790697674,30.3,0.0512,429.998744,1,1,Pudgy Penguins
8504,13,5.564215384615385,18.0,0.07,72.3348,1,1,Pudgy Penguins
8557,39,4.155212820512821,5.5,0.3,162.0533,1,1,Pudgy Penguins
8560,4,1.785,2.465,0.03,7.14,1,1,Pudgy Penguins
8540,3,3.1979666666666677,6.23,0.0139,9.5939,1,1,Pudgy Penguins
8521,5,1.898,3.3,0.04,9.49,1,1,Pudgy Penguins
8512,1,2.25,2.25,2.25,2.25,1,1,Pudgy Penguins
8549,5,5.422,19.3,0.05,27.11,1,1,Pudgy Penguins
8515,19,8.182514947368421,34.95,0.015,155.467784,1,1,Pudgy Penguins
8466,10,5.25552,11.4573,0.059,52.5552,1,1,Pudgy Penguins
8532,8,9.41225,12.0,0.94,75.298,1,1,Pudgy Penguins
8520,2,0.1949999999999999,0.35,0.04,0.3899999999999999,1,1,Pudgy Penguins
8529,2,2.4,2.8,2.0,4.8,1,1,Pudgy Penguins
8551,20,3.777600000000001,6.0,0.3,75.552,1,1,Pudgy Penguins
8494,21,4.831014285714286,16.1,0.9282,101.4513,1,1,Pudgy Penguins
8476,12,3.6537644166666663,9.21,0.03,43.845173,1,1,Pudgy Penguins
8511,20,6.680305,17.83,0.55,133.6061,1,1,Pudgy Penguins
8545,19,4.037346842105263,5.86,0.18,76.70959,1,1,Pudgy Penguins
8470,8,3.1933375,5.3777,0.15,25.5467,1,1,Pudgy Penguins
8510,4,0.8274999999999999,1.88,0.09,3.31,1,1,Pudgy Penguins
8502,11,3.1347272727272726,5.91,0.045,34.482,1,1,Pudgy Penguins
8467,29,6.420272379310345,34.88,0.06,186.187899,1,1,Pudgy Penguins
8547,10,4.337400000000001,10.02,0.15,43.374,1,1,Pudgy Penguins
8513,1,3.75,3.75,3.75,3.75,1,1,Pudgy Penguins
8509,32,6.344846875,10.599,0.25,203.0351,1,1,Pudgy Penguins
8486,39,5.495136076923076,14.45,1.42,214.310307,1,1,Pudgy Penguins
8484,6,1.54,2.9,0.69,9.24,1,1,Pudgy Penguins
8526,12,6.695477,10.65,0.5,80.345724,1,1,Pudgy Penguins
8362,11,3.374127272727273,6.85,0.18,37.1154,1,1,Pudgy Penguins
8376,2,0.09295,0.15,0.0359,0.1859,1,1,Pudgy Penguins
8430,16,9.1454375,31.3,0.048,146.327,1,1,Pudgy Penguins
8461,11,3.694545363636364,7.11,0.33,40.639999,1,1,Pudgy Penguins
8437,3,3.014,5.0,0.042,9.042,1,1,Pudgy Penguins
8438,11,12.626181727272728,34.97,1.25,138.887999,1,1,Pudgy Penguins
8463,3,0.5833333333333334,1.5,0.05,1.75,1,1,Pudgy Penguins
8404,2,3.265,4.2,2.33,6.53,1,1,Pudgy Penguins
8410,5,4.4562354,8.0,1.631177,22.281177,1,1,Pudgy Penguins
8443,9,3.476510888888889,5.33,1.011,31.288598,1,1,Pudgy Penguins
8419,4,0.547,1.85,0.039,2.188,1,1,Pudgy Penguins
8436,13,8.652152846153847,21.642,0.02,112.477987,1,1,Pudgy Penguins
8382,5,0.55798,0.99,0.2,2.7899000000000003,1,1,Pudgy Penguins
8412,9,8.987386666666668,16.34,0.02,80.88648,1,1,Pudgy Penguins
8413,22,8.2849535,19.4,0.039,182.268977,1,1,Pudgy Penguins
8417,10,10.7999,20.0,0.039,107.999,1,1,Pudgy Penguins
8391,2,0.37,0.55,0.19,0.74,1,1,Pudgy Penguins
8368,17,6.732646470588235,21.75,0.17,114.45499,1,1,Pudgy Penguins
8420,20,3.204665,4.58,0.039,64.0933,1,1,Pudgy Penguins
8405,24,1758.487624791667,41999.0,0.01,42203.70299500001,1,1,Pudgy Penguins
8372,5,8.14558,29.5,0.041,40.727900000000005,1,1,Pudgy Penguins
8421,15,5.720326600000001,25.079999,0.35,85.804899,1,1,Pudgy Penguins
8402,5,12.75194,19.9497,1.95,63.7597,1,1,Pudgy Penguins
8450,2,1.7151005,1.741401,1.6888,3.4302010000000003,1,1,Pudgy Penguins
8429,4,1.40125,2.195,0.05,5.605,1,1,Pudgy Penguins
8384,29,9.659517241379309,34.98,0.24,280.126,1,1,Pudgy Penguins
8407,2,1.05,2.0,0.1,2.1,1,1,Pudgy Penguins
8433,6,7.393666666666667,21.35,0.015,44.362,1,1,Pudgy Penguins
8401,3,2.2463333333333333,2.499,1.91,6.739,1,1,Pudgy Penguins
8374,7,1.0642857142857145,2.1191,0.0359,7.45,1,1,Pudgy Penguins
8370,4,7.886475,11.45,0.0359,31.5459,1,1,Pudgy Penguins
8392,35,3.855426571428572,6.79,0.16,134.93993,1,1,Pudgy Penguins
8447,2,1.77565,1.9499,1.6014,3.5513,1,1,Pudgy Penguins
8387,16,9.05318475,18.0,0.18,144.850956,1,1,Pudgy Penguins
8456,9,8.214305555555555,19.97,0.35,73.92875,1,1,Pudgy Penguins
8378,8,1.3642875,2.68,0.0359,10.9143,1,1,Pudgy Penguins
8383,24,4.510479166666667,5.98,0.19,108.2515,1,1,Pudgy Penguins
8464,5,1.18248,2.58,0.028,5.9124,1,1,Pudgy Penguins
8425,2,3.225,5.25,1.2,6.45,1,1,Pudgy Penguins
8440,5,1.9238,3.88,0.25,9.619,1,1,Pudgy Penguins
8371,7,1.351371428571429,2.5,0.0359,9.4596,1,1,Pudgy Penguins
8386,3,0.9966666666666668,2.45,0.14,2.99,1,1,Pudgy Penguins
8439,17,7.365068705882353,15.13,0.9,125.206168,1,1,Pudgy Penguins
8435,25,10.285304000000002,18.23,0.015,257.1326,1,1,Pudgy Penguins
8408,9,10.60158888888889,30.98,0.015,95.4143,1,1,Pudgy Penguins
8465,29,5.425617586206896,15.296,0.0544,157.34291,1,1,Pudgy Penguins
8460,16,5.297180625,11.057,0.33,84.75489,1,1,Pudgy Penguins
8365,6,2.8216666666666668,6.5,0.18,16.93,1,1,Pudgy Penguins
8366,15,3.5472566666666667,7.34999,0.19,53.20885,1,1,Pudgy Penguins
8403,3,5.423333333333333,6.9,4.38,16.27,1,1,Pudgy Penguins
8381,13,5.269456692307693,9.899999,0.3,68.502937,1,1,Pudgy Penguins
8390,12,9.352324916666666,15.74,0.17,112.227899,1,1,Pudgy Penguins
8377,6,2.024316666666667,5.1,0.0359,12.1459,1,1,Pudgy Penguins
8394,18,13.8214375,31.03,0.24,248.785875,1,1,Pudgy Penguins
8411,19,5.965796315789474,13.02,0.2999,113.35013,1,1,Pudgy Penguins
8459,44,4.966829772727273,11.21,2.0,218.54051,1,1,Pudgy Penguins
8363,2,7.605,11.88,3.33,15.21,1,1,Pudgy Penguins
8422,16,6.51361875,40.0,0.17,104.2179,1,1,Pudgy Penguins
8375,7,8.552128571428572,32.0,0.0359,59.8649,1,1,Pudgy Penguins
8360,5,1.4258000000000002,3.5,0.19,7.129,1,1,Pudgy Penguins
8379,6,4.2184833333333325,8.69,0.0359,25.3109,1,1,Pudgy Penguins
8409,35,5.176092,11.977,0.02,181.16322,1,1,Pudgy Penguins
8452,2,2.05,2.1,2.0,4.1,1,1,Pudgy Penguins
8442,6,10.5715,16.5,0.3,63.429,1,1,Pudgy Penguins
8416,5,0.72378,1.38,0.0379,3.6189,1,1,Pudgy Penguins
8449,11,6.366413636363635,10.7136,1.0,70.03054999999999,1,1,Pudgy Penguins
8388,2,0.555,1.0,0.11,1.11,1,1,Pudgy Penguins
8431,5,12.04262,21.45,0.1,60.2131,1,1,Pudgy Penguins
8426,14,4.3294285,5.969999,0.046,60.611999,1,1,Pudgy Penguins
8445,14,3.641427857142857,6.06,0.33,50.97999,1,1,Pudgy Penguins
8462,15,3.448899333333333,5.095,0.87,51.73349,1,1,Pudgy Penguins
8418,11,13.32612,26.0,0.025,146.58732,1,1,Pudgy Penguins
8415,4,0.93500875,2.0,0.0379,3.740035,1,1,Pudgy Penguins
8385,1,0.2,0.2,0.2,0.2,1,1,Pudgy Penguins
8369,10,1.6933,3.2,0.18,16.933,1,1,Pudgy Penguins
8400,41,6.4134150000000005,10.44,0.56,262.950015,1,1,Pudgy Penguins
8451,6,8.312616666666667,18.89,2.0793,49.8757,1,1,Pudgy Penguins
8428,16,3.7164375,6.12,0.05,59.463,1,1,Pudgy Penguins
8453,7,1.7173571428571428,2.99,0.88,12.0215,1,1,Pudgy Penguins
8458,8,626.9884625,5000.0,0.7737,5015.9077,1,1,Pudgy Penguins
8414,2,0.25845,0.48,0.0369,0.5169,1,1,Pudgy Penguins
8455,2,2.0633,2.3244,1.8022,4.1266,1,1,Pudgy Penguins
8454,8,1.6505,2.66,0.35,13.204,1,1,Pudgy Penguins
8395,3,2.4133333333333336,2.9,1.49,7.24,1,1,Pudgy Penguins
8397,2,2.43495,2.95,1.9199,4.8699,1,1,Pudgy Penguins
8457,5,1.4938,2.189,0.75,7.469,1,1,Pudgy Penguins
8367,5,8.799600000000002,16.998,0.5,43.998000000000005,1,1,Pudgy Penguins
8448,12,4.536283333333333,10.51,0.98,54.4354,1,1,Pudgy Penguins
8399,9,4.528777777777778,10.12,2.22,40.759,1,1,Pudgy Penguins
8444,47,8.608316170212767,32.9,0.33,404.59086,1,1,Pudgy Penguins
8406,2,0.0735,0.11,0.037,0.147,1,1,Pudgy Penguins
8424,3,2.813333333333334,3.95,2.0,8.440000000000001,1,1,Pudgy Penguins
8441,5,36.060500000000005,100.5025,0.4,180.3025,1,1,Pudgy Penguins
8396,12,8.638399999999999,13.92,2.2,103.6608,1,1,Pudgy Penguins
8434,4,3.976,12.5,0.015,15.904,1,1,Pudgy Penguins
8364,2,0.2175,0.245,0.19,0.435,1,1,Pudgy Penguins
8423,10,4.9915851,11.629951,0.28,49.915851,1,1,Pudgy Penguins
8380,2,6.1,12.0,0.2,12.2,1,1,Pudgy Penguins
8389,5,2.122138,4.9,0.1,10.61069,1,1,Pudgy Penguins
8373,16,5.2999,20.0,0.0359,84.7984,1,1,Pudgy Penguins
8398,1,3.33,3.33,3.33,3.33,1,1,Pudgy Penguins
8393,2,0.355,0.5,0.21,0.71,1,1,Pudgy Penguins
8446,13,6.059230769230769,9.13,2.49,78.77,1,1,Pudgy Penguins
8427,2,0.12435,0.2,0.0487,0.2487,1,1,Pudgy Penguins
8361,3,0.2476666666666666,0.383,0.18,0.743,1,1,Pudgy Penguins
8432,4,5.125,10.0,0.1,20.5,1,1,Pudgy Penguins
8276,21,7.469071428571429,23.77,0.049,156.8505,1,1,Pudgy Penguins
8294,15,6.7986466666666665,17.11,0.0499,101.9797,1,1,Pudgy Penguins
8257,2,0.3,0.5,0.1,0.6,1,1,Pudgy Penguins
8262,5,3.5668,12.85,0.1,17.834,1,1,Pudgy Penguins
8298,15,5.413083333333334,9.34,0.014,81.19625,1,1,Pudgy Penguins
8348,17,7.936762705882353,19.299,0.015,134.924966,1,1,Pudgy Penguins
8264,3,11.496666666666668,20.26,0.1,34.49,1,1,Pudgy Penguins
8352,10,2.7245,4.95,0.22,27.245,1,1,Pudgy Penguins
8303,34,6.372521470588235,16.94,0.015,216.66573,1,1,Pudgy Penguins
8336,23,5.891337391304348,10.93196,0.33,135.50076,1,1,Pudgy Penguins
8323,6,1.4731666666666667,3.25,0.33,8.839,1,1,Pudgy Penguins
8335,5,1.564,2.13,0.845,7.82,1,1,Pudgy Penguins
8261,7,4.281514285714286,12.69,0.5,29.9706,1,1,Pudgy Penguins
8292,10,7.0896,11.59,0.046,70.896,1,1,Pudgy Penguins
8254,15,3.85886,11.76,0.02,57.8829,1,1,Pudgy Penguins
8260,14,8.211606357142857,19.2424,0.1,114.962489,1,1,Pudgy Penguins
8322,0,0.0,0.0,0.0,0.0,0,0,Pudgy Penguins
8333,42,9.813278190476192,31.0,0.02,412.157684,1,1,Pudgy Penguins
8343,17,4.219976470588235,14.941,0.0169,71.7396,1,1,Pudgy Penguins
8359,0,0.0,0.0,0.0,0.0,0,0,Pudgy Penguins
8266,3,6.2,12.0,0.1,18.6,1,1,Pudgy Penguins
8314,15,12.094624733333337,19.69,0.0148,181.419371,1,1,Pudgy Penguins
8280,5,2.088,3.83,0.07,10.44,1,1,Pudgy Penguins
8358,5,0.68222,1.85,0.01,3.4111,1,1,Pudgy Penguins
8342,6,1.7541666666666669,2.47,0.38,10.525,1,1,Pudgy Penguins
8253,16,6.2504043750000005,11.8,0.782,100.00647,1,1,Pudgy Penguins
8329,14,2.664659285714286,5.47993,0.72,37.30523,1,1,Pudgy Penguins
8315,27,10.915302555555556,27.0,0.0199,294.713169,1,1,Pudgy Penguins
8247,10,2.5449999,4.294999,0.22,25.449999,1,1,Pudgy Penguins
8308,3,2.531333333333333,7.5,0.035,7.594,1,1,Pudgy Penguins
8312,4,3.30375,7.2,0.035,13.215,1,1,Pudgy Penguins
8288,13,8.863009230769231,40.0,0.046,115.21912,1,1,Pudgy Penguins
8289,21,8.158198476190476,29.45,0.046,171.322168,1,1,Pudgy Penguins
8265,7,1.5692857142857142,2.88,0.1,10.985,1,1,Pudgy Penguins
8332,2,1.36,2.39,0.33,2.72,1,1,Pudgy Penguins
8321,6,1.1848333333333334,3.25,0.18,7.109,1,1,Pudgy Penguins
8250,7,10.520098571428573,17.0,1.42069,73.64069,1,1,Pudgy Penguins
8305,8,3.0093375,5.36,0.02,24.0747,1,1,Pudgy Penguins
8326,4,12.6075,25.85,0.33,50.43,1,1,Pudgy Penguins
8302,2,0.27735,0.5,0.0547,0.5547,1,1,Pudgy Penguins
8354,1,0.2,0.2,0.2,0.2,1,1,Pudgy Penguins
8306,5,4.484,9.36,0.42,22.42,1,1,Pudgy Penguins
8310,39,9.468364871794872,25.128531,0.027,369.26623,1,1,Pudgy Penguins
8311,9,6.193315222222221,18.4,0.07,55.739837,1,1,Pudgy Penguins
8307,25,3.60172652,5.55,0.01,90.043163,1,1,Pudgy Penguins
8345,7,6.262857142857143,10.5,0.05,43.84,1,1,Pudgy Penguins
8317,2,2.25,3.0,1.5,4.5,1,1,Pudgy Penguins
8267,4,1.9875,3.55,0.3,7.95,1,1,Pudgy Penguins
8349,39,5.2408179487179485,15.41,0.1,204.3919,1,1,Pudgy Penguins
8273,6,1.6416666666666668,3.85,0.1,9.85,1,1,Pudgy Penguins
8263,1,0.1,0.1,0.1,0.1,1,1,Pudgy Penguins
8281,14,3.60525,6.04,0.7167,50.4735,1,1,Pudgy Penguins
8269,3,8.366666666666667,15.0,0.1,25.1,1,1,Pudgy Penguins
8347,10,10.94779,34.5,0.0169,109.4779,1,1,Pudgy Penguins
8287,5,0.36258,0.9,0.046,1.8129,1,1,Pudgy Penguins
8268,25,9.353844,24.1,0.1,233.8461,1,1,Pudgy Penguins
8300,22,12.117267727272726,31.43,0.05,266.57989,1,1,Pudgy Penguins
8350,6,1.2588166666666667,3.18,0.011,7.5529,1,1,Pudgy Penguins
8274,3,0.6377666666666667,0.948,0.1,1.9133,1,1,Pudgy Penguins
8338,5,14.6466,27.5,3.0,73.233,1,1,Pudgy Penguins
8251,3,2.8166666666666664,3.6,1.4,8.45,1,1,Pudgy Penguins
8319,5,4.4378,6.58,0.049,22.189,1,1,Pudgy Penguins
8341,4,1.58235,1.89,1.0004,6.3294,1,1,Pudgy Penguins
8325,9,9.159866666666666,20.5,2.2,82.4388,1,1,Pudgy Penguins
8283,1,3.0,3.0,3.0,3.0,1,1,Pudgy Penguins
8304,28,10.280832821428572,23.75,0.0547,287.863319,1,1,Pudgy Penguins
8351,3,1.4559666666666666,4.2069,0.011,4.3679,1,1,Pudgy Penguins
8334,8,11.635,17.69,1.67,93.08,1,1,Pudgy Penguins
8282,1,0.222,0.222,0.222,0.222,1,1,Pudgy Penguins
8256,12,11.077859666666669,18.325,0.1,132.934316,1,1,Pudgy Penguins
8355,3,3.1666666666666665,5.0,1.0,9.5,1,1,Pudgy Penguins
8339,2,2.75205,3.3182,2.1859,5.5041,1,1,Pudgy Penguins
8316,36,8.548194138888888,31.84,0.16,307.734989,1,1,Pudgy Penguins
8313,3,3.56,5.55,0.13,10.68,1,1,Pudgy Penguins
8330,7,2.344985714285714,3.31,1.1,16.4149,1,1,Pudgy Penguins
8255,14,11.900135214285712,26.1999,0.1,166.601893,1,1,Pudgy Penguins
8275,8,1.882375,4.37,0.049,15.059,1,1,Pudgy Penguins
8271,2,0.15,0.2,0.1,0.3,1,1,Pudgy Penguins
8331,20,3.3961384000000003,14.825,0.33,67.922768,1,1,Pudgy Penguins
8270,3,8.799999999999999,22.0,0.5,26.4,1,1,Pudgy Penguins
8337,6,5.425999999999999,16.666,1.8,32.556,1,1,Pudgy Penguins
8297,2,0.0579235,0.065847,0.05,0.115847,1,1,Pudgy Penguins
8249,14,4.903571428571429,10.25,1.69,68.65,1,1,Pudgy Penguins
8277,19,8.333068368421053,23.75,0.032,158.328299,1,1,Pudgy Penguins
8301,12,6.984766666666666,20.28,0.05,83.8172,1,1,Pudgy Penguins
8248,2,2.1875,3.075,1.3,4.375,1,1,Pudgy Penguins
8284,8,2.973625,6.0,0.05,23.789,1,1,Pudgy Penguins
8252,1,1.0,1.0,1.0,1.0,1,1,Pudgy Penguins
8286,3,0.4243333333333333,1.2,0.027,1.273,1,1,Pudgy Penguins
8353,19,4.729999421052632,17.7,0.015,89.869989,1,1,Pudgy Penguins
8278,1,0.1,0.1,0.1,0.1,1,1,Pudgy Penguins
8258,36,7.0980305277777775,17.88,0.1,255.529099,1,1,Pudgy Penguins
8328,3,1.5353333333333332,1.935,1.0,4.606,1,1,Pudgy Penguins
8346,3,0.5644666666666667,1.5,0.0169,1.6934,1,1,Pudgy Penguins
8279,4,3.42,6.66,0.12,13.68,1,1,Pudgy Penguins
8357,16,3.611975,4.95,0.016,57.7916,1,1,Pudgy Penguins
8259,11,4.858148636363636,9.86,0.1,53.439635,1,1,Pudgy Penguins
8318,3,2.58,4.99,1.0,7.74,1,1,Pudgy Penguins
8293,2,0.24995,0.45,0.0499,0.4999,1,1,Pudgy Penguins
8296,13,2.9733,5.6,0.05,38.6529,1,1,Pudgy Penguins
8324,14,7.343628571428572,19.2,1.45,102.8108,1,1,Pudgy Penguins
8340,13,7.168846153846153,20.499,1.9,93.195,1,1,Pudgy Penguins
8320,4,1.5995,2.5,0.049,6.398,1,1,Pudgy Penguins
8299,13,8.432361153846154,22.67,0.05,109.620695,1,1,Pudgy Penguins
8356,17,6.432178647058824,11.698,0.016,109.347037,1,1,Pudgy Penguins
8290,10,1.5719717,3.89,0.027,15.719717,1,1,Pudgy Penguins
8291,13,4.0026153846153845,10.593,0.027,52.034,1,1,Pudgy Penguins
8285,4,1.34525,3.01,0.05,5.381,1,1,Pudgy Penguins
8344,13,3.3612733846153846,5.0,0.002744,43.696554,1,1,Pudgy Penguins
8309,1,0.036,0.036,0.036,0.036,1,1,Pudgy Penguins
8295,4,2.05375,3.675,0.05,8.215,1,1,Pudgy Penguins
8327,26,3.8365,4.65,0.33,99.749,1,1,Pudgy Penguins
8272,17,10.38467588235294,24.039,0.1,176.53949,1,1,Pudgy Penguins
8197,6,5.54,17.2,0.25,33.24,1,1,Pudgy Penguins
8232,13,1.5177384615384617,3.25,0.0546,19.7306,1,1,Pudgy Penguins
8174,2,0.6699999999999999,0.85,0.49,1.34,1,1,Pudgy Penguins
8208,22,4.478872954545455,10.303,0.75,98.535205,1,1,Pudgy Penguins
8205,4,3.41725,10.75,0.179,13.669,1,1,Pudgy Penguins
8246,30,4.370892,15.94,0.04917,131.12676,1,1,Pudgy Penguins
8151,4,1.69,3.25,0.01,6.76,1,1,Pudgy Penguins
8204,7,10.72704285714286,20.5,0.9999,75.08930000000001,1,1,Pudgy Penguins
8178,8,4.63408725,9.6969,0.49,37.072698,1,1,Pudgy Penguins
8221,3,1.1116333333333333,2.8,0.0549,3.3349,1,1,Pudgy Penguins
8223,11,1.0309,2.6,0.0489,11.3399,1,1,Pudgy Penguins
8154,3,0.3016666666666667,0.74,0.045,0.905,1,1,Pudgy Penguins
8243,6,3.3507895,4.85,0.049737,20.104737,1,1,Pudgy Penguins
8226,3,0.0292666666666666,0.0548,0.015,0.0878,1,1,Pudgy Penguins
8193,4,1.73225,2.96,0.02,6.929,1,1,Pudgy Penguins
8194,16,10.832265625,27.0,0.029,173.31625,1,1,Pudgy Penguins
8203,5,2.094,3.21,0.99,10.47,1,1,Pudgy Penguins
8175,3,1.5633333333333337,2.1,0.49,4.69,1,1,Pudgy Penguins
8170,5,1.2633800000000002,2.0,0.0479,6.3169,1,1,Pudgy Penguins
8198,4,0.4932499999999999,1.25,0.15,1.973,1,1,Pudgy Penguins
8244,11,10.029263909090908,28.87,0.049903,110.321903,1,1,Pudgy Penguins
8167,26,3.40275,5.28,0.029,88.47149999999999,1,1,Pudgy Penguins
8182,10,4.13393,11.0,0.001,41.3393,1,1,Pudgy Penguins
8225,18,6.050822222222222,18.8,0.0199,108.9148,1,1,Pudgy Penguins
8195,21,5.148799571428572,14.8,0.139,108.124791,1,1,Pudgy Penguins
8171,4,0.691975,1.45,0.02,2.7679,1,1,Pudgy Penguins
8161,4,1.5212500000000002,4.69,0.045,6.085000000000001,1,1,Pudgy Penguins
8160,2,1.305,2.6,0.01,2.61,1,1,Pudgy Penguins
8218,2,3.45,6.8,0.1,6.9,1,1,Pudgy Penguins
8214,3,2.6323333333333334,2.87,2.25,7.897,1,1,Pudgy Penguins
8156,12,1.1497916666666663,2.5,0.01,13.7975,1,1,Pudgy Penguins
8213,7,2.8956857142857144,5.4698,0.05,20.2698,1,1,Pudgy Penguins
8224,3,1.6906333333333332,4.999,0.02,5.071899999999999,1,1,Pudgy Penguins
8227,2,6.14945,12.25,0.0489,12.2989,1,1,Pudgy Penguins
8238,3,0.8676333333333334,1.5,0.0529,2.6029,1,1,Pudgy Penguins
8241,10,1.127661,2.75,0.04761,11.27661,1,1,Pudgy Penguins
8166,2,0.06405,0.1181,0.01,0.1281,1,1,Pudgy Penguins
8187,8,6.3829875,11.7,0.245,51.0639,1,1,Pudgy Penguins
8216,9,8.398888888888889,21.89,0.05,75.59,1,1,Pudgy Penguins
8245,32,7.238485375,32.2,0.048032,231.631532,1,1,Pudgy Penguins
8210,19,8.05143947368421,35.878,0.04,152.97735,1,1,Pudgy Penguins
8206,3,4.366666666666666,7.8,1.65,13.1,1,1,Pudgy Penguins
8176,3,2.1466666666666665,4.0,0.49,6.44,1,1,Pudgy Penguins
8180,5,2.616,5.95,0.49,13.08,1,1,Pudgy Penguins
8199,8,5.5706125,12.7,0.0549,44.5649,1,1,Pudgy Penguins
8191,23,6.62414247826087,20.99,0.001,152.355277,1,1,Pudgy Penguins
8236,3,3.927633333333334,5.99,0.0529,11.7829,1,1,Pudgy Penguins
8155,26,6.840569192307693,11.3,0.045,177.854799,1,1,Pudgy Penguins
8157,3,2.066666666666667,5.0,0.2,6.2,1,1,Pudgy Penguins
8222,28,10.270903571428573,34.6,0.0549,287.5853,1,1,Pudgy Penguins
8212,29,3.486899965517241,5.3,0.05,101.120099,1,1,Pudgy Penguins
8234,8,8.0166,24.0,0.0529,64.1328,1,1,Pudgy Penguins
8215,7,7.044885999999999,21.649,0.95,49.314202,1,1,Pudgy Penguins
8184,3,6.781666666666667,20.0,0.1,20.345,1,1,Pudgy Penguins
8196,6,1.2491666666666668,3.0,0.015,7.495,1,1,Pudgy Penguins
8237,14,8.575602357142857,14.6,0.0546,120.058433,1,1,Pudgy Penguins
8177,8,2.69025,5.1,0.49,21.522,1,1,Pudgy Penguins
8186,4,5.93625,14.0,0.245,23.745,1,1,Pudgy Penguins
8165,15,4.173566666666667,10.63,0.049,62.6035,1,1,Pudgy Penguins
8229,12,4.805533333333334,14.9,0.0488,57.6664,1,1,Pudgy Penguins
8152,22,4.916795454545454,15.22,0.011,108.1695,1,1,Pudgy Penguins
8201,6,1.4982999999999995,2.6,0.15,8.989799999999999,1,1,Pudgy Penguins
8190,5,4.649,7.15,0.095,23.245,1,1,Pudgy Penguins
8163,12,7.305991666666667,15.42,0.045,87.67190000000001,1,1,Pudgy Penguins
8202,9,5.692510888888888,20.5,0.019,51.232598,1,1,Pudgy Penguins
8162,20,11.7079753,23.438,0.01,234.159506,1,1,Pudgy Penguins
8153,10,3.78926,10.69,0.01,37.8926,1,1,Pudgy Penguins
8239,22,5.16635,13.8,0.0529,113.6597,1,1,Pudgy Penguins
8242,21,8.861003952380953,22.849951,0.048132,186.081083,1,1,Pudgy Penguins
8173,27,4.634213703703704,18.0,0.49,125.12377,1,1,Pudgy Penguins
8235,6,1.5851333333333333,4.98,0.0488,9.5108,1,1,Pudgy Penguins
8169,8,3.1289875,5.76,0.0479,25.0319,1,1,Pudgy Penguins
8233,17,4.837817647058824,10.394,0.053,82.2429,1,1,Pudgy Penguins
8228,10,2.90749,11.88,0.0549,29.0749,1,1,Pudgy Penguins
8188,5,5.11,16.8,0.5,25.55,1,1,Pudgy Penguins
8209,16,13.469875,30.21,0.365,215.518,1,1,Pudgy Penguins
8150,28,4.696907142857143,10.8,0.011,131.5134,1,1,Pudgy Penguins
8179,4,2.51125,4.925,0.49,10.045,1,1,Pudgy Penguins
8189,9,2.962344444444444,5.75,0.02,26.6611,1,1,Pudgy Penguins
8158,3,1.6816666666666666,4.0,0.045,5.045,1,1,Pudgy Penguins
8211,5,3.778,12.9,0.1,18.89,1,1,Pudgy Penguins
8220,7,1.3912857142857145,2.95,0.04,9.739,1,1,Pudgy Penguins
8159,3,0.945,2.6,0.045,2.835,1,1,Pudgy Penguins
8181,15,3.792386666666667,9.88,0.37,56.8858,1,1,Pudgy Penguins
8231,7,0.9853142857142856,3.0,0.0549,6.8972,1,1,Pudgy Penguins
8219,4,0.740475,1.9,0.03,2.9619,1,1,Pudgy Penguins
8207,9,8.786590444444444,18.68,0.1999,79.079314,1,1,Pudgy Penguins
8200,9,2.5793,4.9788,0.15,23.2137,1,1,Pudgy Penguins
8230,5,16.138778,27.8,0.0549,80.69389,1,1,Pudgy Penguins
8192,6,1.505,3.4,0.02,9.03,1,1,Pudgy Penguins
8168,12,1.8172833333333331,6.42,0.016,21.8074,1,1,Pudgy Penguins
8148,25,4.85470708,16.14,0.015,121.367677,1,1,Pudgy Penguins
8185,7,4.805142857142856,10.94,0.245,33.636,1,1,Pudgy Penguins
8164,2,0.1225,0.2,0.045,0.245,1,1,Pudgy Penguins
8183,14,3.270642857142857,5.62,0.245,45.789,1,1,Pudgy Penguins
8172,4,1.271975,3.05,0.04,5.087899999999999,1,1,Pudgy Penguins
8240,6,0.4084666666666667,1.2,0.044,2.4508,1,1,Pudgy Penguins
8149,19,3.7235105263157897,6.35,0.045,70.7467,1,1,Pudgy Penguins
8217,3,2.313333333333333,5.69,0.05,6.94,1,1,Pudgy Penguins
8058,52,6.563184384615385,19.8,0.25,341.285588,1,1,Pudgy Penguins
8115,16,10.7000405,27.4,0.15,171.200648,1,1,Pudgy Penguins
8092,4,0.905,1.49,0.06,3.62,1,1,Pudgy Penguins
8066,14,5.454842857142857,19.11,0.2222,76.3678,1,1,Pudgy Penguins
8089,10,1.53691,4.44,0.05,15.3691,1,1,Pudgy Penguins
8136,29,5.150544275862068,10.119384,0.09,149.365784,1,1,Pudgy Penguins
8116,2,0.32,0.49,0.15,0.64,1,1,Pudgy Penguins
8081,2,0.975,1.9,0.05,1.95,1,1,Pudgy Penguins
8079,13,6.794259538461538,11.989,0.054,88.325374,1,1,Pudgy Penguins
8128,4,4.05,7.15,0.1,16.2,1,1,Pudgy Penguins
8145,12,2.846894333333333,3.99,0.85,34.162732,1,1,Pudgy Penguins
8146,19,5.682568368421053,15.01,1.3,107.968799,1,1,Pudgy Penguins
8118,7,1.1474142857142855,3.49,0.25,8.0319,1,1,Pudgy Penguins
8047,14,10.405371928571428,29.0,0.052,145.675207,1,1,Pudgy Penguins
8137,6,4.764998333333334,11.84999,0.05,28.58999,1,1,Pudgy Penguins
8061,18,3.733711111111111,11.0,0.1111,67.2068,1,1,Pudgy Penguins
8063,10,6.4097818,10.36,2.99,64.097818,1,1,Pudgy Penguins
8073,11,10.94090909090909,27.25,0.25,120.35,1,1,Pudgy Penguins
8060,3,3.5933333333333337,5.98,0.25,10.78,1,1,Pudgy Penguins
8098,38,8.547122605263159,15.7,0.5,324.790659,1,1,Pudgy Penguins
8097,3,1.7233333333333334,2.88,0.69,5.17,1,1,Pudgy Penguins
8103,30,7.016586666666667,10.2666,2.73,210.4976,1,1,Pudgy Penguins
8077,2,8.844999999999999,13.69,4.0,17.689999999999998,1,1,Pudgy Penguins
8085,7,2.427714285714285,4.84,0.069,16.994,1,1,Pudgy Penguins
8050,4,3.9025,7.0,1.09,15.61,1,1,Pudgy Penguins
8068,4,5.9825,10.49,0.25,23.93,1,1,Pudgy Penguins
8074,0,0.0,0.0,0.0,0.0,0,0,Pudgy Penguins
8096,3,1.393333333333333,2.49,0.69,4.18,1,1,Pudgy Penguins
8102,5,1.4300000000000002,2.95,0.1,7.15,1,1,Pudgy Penguins
8120,5,8.41738,11.269,0.05,42.0869,1,1,Pudgy Penguins
8062,6,4.420733333333334,20.0,0.4444,26.5244,1,1,Pudgy Penguins
8117,11,9.178436363636363,24.95,0.05,100.9628,1,1,Pudgy Penguins
8053,6,2.096083333333333,4.0895,0.057,12.5765,1,1,Pudgy Penguins
8080,2,1.4775,2.9,0.055,2.955,1,1,Pudgy Penguins
8108,0,0.0,0.0,0.0,0.0,0,0,Pudgy Penguins
8083,6,1.2333333333333334,2.68,0.05,7.4,1,1,Pudgy Penguins
8113,0,0.0,0.0,0.0,0.0,0,0,Pudgy Penguins
8141,6,3.113166666666667,4.169,0.45,18.679,1,1,Pudgy Penguins
8091,16,4.634245625,5.69,1.337,74.14793,1,1,Pudgy Penguins
8127,15,8.09796,20.6186,0.015,121.4694,1,1,Pudgy Penguins
8130,11,5.023545181818182,11.649998,0.36,55.258997,1,1,Pudgy Penguins
8086,13,8.786,23.92,0.05,114.218,1,1,Pudgy Penguins
8067,51,4.34181268627451,6.68,0.25,221.432447,1,1,Pudgy Penguins
8131,10,5.6989,14.45,0.51,56.989,1,1,Pudgy Penguins
8119,21,6.802564523809524,25.71,0.05,142.853855,1,1,Pudgy Penguins
8094,6,1.3150000000000002,2.99,0.05,7.890000000000001,1,1,Pudgy Penguins
8055,7,6.540071428571428,21.499,0.02,45.7805,1,1,Pudgy Penguins
8125,8,2.439366375,5.55,0.06,19.514931,1,1,Pudgy Penguins
8100,5,3.492,6.9,0.12,17.46,1,1,Pudgy Penguins
8087,34,5.4386794117647055,28.25,0.05,184.9151,1,1,Pudgy Penguins
8134,4,1.5786165,2.99,0.09,6.314466,1,1,Pudgy Penguins
8104,14,9.084142857142856,12.85,2.25,127.178,1,1,Pudgy Penguins
8076,35,5.014392857142857,11.048,0.1111,175.50375,1,1,Pudgy Penguins
8143,11,9.523,40.0,0.35,104.753,1,1,Pudgy Penguins
8048,7,6.312857142857142,19.88,0.05,44.19,1,1,Pudgy Penguins
8133,3,1.7433333333333334,3.2,0.6,5.23,1,1,Pudgy Penguins
8111,4,9.2475,13.99,5.0,36.99,1,1,Pudgy Penguins
8110,12,3.59185825,4.395,1.6,43.102299,1,1,Pudgy Penguins
8088,53,7.5249243396226415,32.8,0.05,398.82099,1,1,Pudgy Penguins
8140,5,2.0632,5.75,0.018,10.316,1,1,Pudgy Penguins
8135,9,2.303888888888889,6.55,0.09,20.735,1,1,Pudgy Penguins
8072,1,3.09,3.09,3.09,3.09,1,1,Pudgy Penguins
8082,2,0.0749805,0.099961,0.05,0.149961,1,1,Pudgy Penguins
8121,6,1.4796251666666669,3.39,0.05,8.877751,1,1,Pudgy Penguins
8069,1,11.989,11.989,11.989,11.989,1,1,Pudgy Penguins
8122,2,0.7522,0.79,0.7144,1.5044,1,1,Pudgy Penguins
8051,4,1.142325,2.1899,0.059,4.5693,1,1,Pudgy Penguins
8045,5,0.3576,1.1,0.05,1.788,1,1,Pudgy Penguins
8065,26,7.563884923076923,17.55,0.1111,196.661008,1,1,Pudgy Penguins
8052,10,5.4202,10.343,0.059,54.202,1,1,Pudgy Penguins
8046,5,0.9694,1.85,0.052,4.847,1,1,Pudgy Penguins
8059,2,8.025,10.3,5.75,16.05,1,1,Pudgy Penguins
8109,9,6.168311111111112,10.7,1.99,55.5148,1,1,Pudgy Penguins
8142,24,4.303083333333333,6.06,1.4312,103.274,1,1,Pudgy Penguins
8106,21,6.320047571428572,14.44,3.41,132.720999,1,1,Pudgy Penguins
8129,8,3.8889125,10.3423,0.056,31.1113,1,1,Pudgy Penguins
8057,5,0.954,2.2,0.03,4.77,1,1,Pudgy Penguins
8095,5,1.994,6.9,0.05,9.97,1,1,Pudgy Penguins
8099,4,1.31,2.689,0.05,5.24,1,1,Pudgy Penguins
8105,19,11.08978947368421,28.55,3.625,210.706,1,1,Pudgy Penguins
8132,8,4.50999675,11.549974,0.22,36.079974,1,1,Pudgy Penguins
8064,14,8.875340071428571,21.04999,0.4444,124.254761,1,1,Pudgy Penguins
8147,11,4.368636363636363,10.67,1.38,48.055,1,1,Pudgy Penguins
8054,2,0.0885,0.12,0.057,0.177,1,1,Pudgy Penguins
8084,3,1.7,3.1,0.5,5.1,1,1,Pudgy Penguins
8139,20,6.03618,26.69,0.055,120.7236,1,1,Pudgy Penguins
8101,17,6.973235294117647,10.88,0.25,118.545,1,1,Pudgy Penguins
8138,12,16.50290825,31.43,0.05,198.034899,1,1,Pudgy Penguins
8078,14,2.9557571428571427,4.0995,0.851,41.3806,1,1,Pudgy Penguins
8090,9,2.364333333333333,4.0,0.069,21.279,1,1,Pudgy Penguins
8071,10,3.611995,5.8291,0.1111,36.11995,1,1,Pudgy Penguins
8093,21,6.466714285714285,40.0,0.05,135.801,1,1,Pudgy Penguins
8123,9,11.536666666666669,32.15,0.4,103.83,1,1,Pudgy Penguins
8124,7,3.995142857142857,5.397,0.05,27.966,1,1,Pudgy Penguins
8049,17,6.272376411764705,15.28,0.049,106.630399,1,1,Pudgy Penguins
8056,20,6.213425,13.4295,0.055,124.2685,1,1,Pudgy Penguins
8144,18,8.710277722222223,19.05,1.13,156.784999,1,1,Pudgy Penguins
8107,8,9.376,19.3,3.64,75.008,1,1,Pudgy Penguins
8075,11,8.830163636363636,14.09,0.2222,97.1318,1,1,Pudgy Penguins
8070,19,7.080442105263158,21.45,0.1111,134.5284,1,1,Pudgy Penguins
8114,3,1.2566666666666668,2.47,0.3,3.770000000000001,1,1,Pudgy Penguins
8112,20,10.171735,25.56,3.24,203.4347,1,1,Pudgy Penguins
8126,32,4.568558125,12.25,0.013,146.19386,1,1,Pudgy Penguins
8006,3,3.875,6.175,2.7,11.625,1,1,Pudgy Penguins
7980,17,7.224809764705882,31.874947,0.049,122.821766,1,1,Pudgy Penguins
7960,4,0.5911500000000001,1.0,0.05,2.3646000000000003,1,1,Pudgy Penguins
7967,5,1.93854,2.93,0.7967,9.6927,1,1,Pudgy Penguins
7997,7,6.4131414285714285,15.09999,1.65,44.89199,1,1,Pudgy Penguins
8027,16,6.09871875,10.891,0.03,97.5795,1,1,Pudgy Penguins
7973,3,0.3083333333333333,0.8,0.045,0.925,1,1,Pudgy Penguins
8017,6,1.9416666666666669,3.85,0.12,11.65,1,1,Pudgy Penguins
7955,17,6.979723470588235,12.32,0.018,118.655299,1,1,Pudgy Penguins
7957,21,9.082828047619047,20.39999,0.018,190.739389,1,1,Pudgy Penguins
7976,10,4.3485,11.64,0.04,43.485,1,1,Pudgy Penguins
8022,15,2.5619266666666665,4.65,0.15,38.4289,1,1,Pudgy Penguins
8029,9,2.1584444444444446,3.669,0.053,19.426,1,1,Pudgy Penguins
7965,4,2.18025,3.49,1.2,8.721,1,1,Pudgy Penguins
8007,10,4.63889,9.289,0.33,46.3889,1,1,Pudgy Penguins
7950,13,3.817184615384616,5.99,0.016,49.6234,1,1,Pudgy Penguins
7968,21,7.491661904761905,20.649,0.25,157.3249,1,1,Pudgy Penguins
7952,3,0.9466666666666668,2.1,0.19,2.84,1,1,Pudgy Penguins
8016,11,2.8559727272727278,5.8,0.069,31.4157,1,1,Pudgy Penguins
7959,16,6.5564555625,18.48,0.029,104.903289,1,1,Pudgy Penguins
7954,5,8.545100000000001,21.69,0.04,42.7255,1,1,Pudgy Penguins
7971,8,2.35537475,4.439998,0.028,18.842998,1,1,Pudgy Penguins
8028,6,0.8021666666666668,1.37,0.011,4.813000000000001,1,1,Pudgy Penguins
8023,4,4.6875,8.0,0.3,18.75,1,1,Pudgy Penguins
8039,1,0.045,0.045,0.045,0.045,1,1,Pudgy Penguins
7975,2,0.4725,0.9,0.045,0.945,1,1,Pudgy Penguins
7986,4,1.89125,3.777,0.049,7.564999999999999,1,1,Pudgy Penguins
7981,15,8.9239498,20.89,0.045,133.859247,1,1,Pudgy Penguins
8011,4,1.431925,1.7777,1.1,5.7277000000000005,1,1,Pudgy Penguins
7993,17,364.2962265294117,6000.0,1.0,6193.035851,1,1,Pudgy Penguins
7951,2,0.325,0.55,0.1,0.65,1,1,Pudgy Penguins
7979,2,0.5245,1.0,0.049,1.049,1,1,Pudgy Penguins
8025,19,6.080335894736842,11.5,0.053,115.526382,1,1,Pudgy Penguins
7977,8,5.654875,18.0,0.049,45.239,1,1,Pudgy Penguins
7991,19,12.824593210526317,40.0,0.05,243.667271,1,1,Pudgy Penguins
8035,12,4.069820833333334,8.89885,0.053,48.83785,1,1,Pudgy Penguins
8042,12,1.50275,3.0,0.053,18.033,1,1,Pudgy Penguins
8033,3,0.9476666666666668,1.6,0.053,2.843,1,1,Pudgy Penguins
7974,39,4.957689743589744,24.0,0.059,193.3499,1,1,Pudgy Penguins
7956,19,3.7456105263157897,6.42,0.016,71.1666,1,1,Pudgy Penguins
7964,15,5.087763333333333,12.4,0.045,76.31645,1,1,Pudgy Penguins
7992,11,6.32890909090909,12.799,0.001,69.618,1,1,Pudgy Penguins
7987,12,2.7595000000000005,5.075,0.02,33.114000000000004,1,1,Pudgy Penguins
7953,3,2.311666666666667,6.33,0.055,6.9350000000000005,1,1,Pudgy Penguins
7958,3,3.1166666666666667,5.0,0.05,9.35,1,1,Pudgy Penguins
7984,4,0.442225,1.24,0.049,1.7689,1,1,Pudgy Penguins
8044,7,1.627857142857143,4.0,0.046,11.395,1,1,Pudgy Penguins
7969,2,0.53,1.0,0.06,1.06,1,1,Pudgy Penguins
7999,27,8.708631296296296,20.053866,1.18,235.133045,1,1,Pudgy Penguins
8024,16,9.491875,19.87,0.19,151.87,1,1,Pudgy Penguins
8000,4,2.635,5.05,1.4,10.54,1,1,Pudgy Penguins
8043,14,2.5676790714285715,4.754,0.047,35.947507,1,1,Pudgy Penguins
8036,4,1.29875,4.5,0.045,5.195,1,1,Pudgy Penguins
7982,20,7.9660244,20.288889,0.018,159.320488,1,1,Pudgy Penguins
8026,24,4.125666666666667,16.08,0.05,99.016,1,1,Pudgy Penguins
7990,3,4.066666666666666,11.0,0.19,12.2,1,1,Pudgy Penguins
8031,2,0.7765,1.5,0.053,1.553,1,1,Pudgy Penguins
7998,9,5.422111,14.75,1.0,48.798999,1,1,Pudgy Penguins
7961,40,4.58505575,6.04,0.05,183.40223,1,1,Pudgy Penguins
8021,2,0.1875,0.35,0.025,0.375,1,1,Pudgy Penguins
8010,4,8.80945,13.5678,2.75,35.2378,1,1,Pudgy Penguins
7985,7,5.232571428571428,11.979,0.049,36.628,1,1,Pudgy Penguins
8038,6,2.3725,9.85,0.045,14.235,1,1,Pudgy Penguins
8034,24,7.043041666666667,17.83,0.046,169.03300000000002,1,1,Pudgy Penguins
8037,13,8.819976923076924,15.88,0.025,114.6597,1,1,Pudgy Penguins
7996,8,1.843,3.41,1.0,14.744,1,1,Pudgy Penguins
8019,22,5.131345727272727,10.9,0.059,112.889606,1,1,Pudgy Penguins
8004,4,5.5825,19.2,0.345,22.33,1,1,Pudgy Penguins
8014,13,10.758523076923078,19.328,2.65,139.8608,1,1,Pudgy Penguins
8013,1,5.0,5.0,5.0,5.0,1,1,Pudgy Penguins
7988,3,1.5863333333333334,2.49,0.049,4.759,1,1,Pudgy Penguins
8015,26,4.159705653846154,11.3769,0.042,108.152347,1,1,Pudgy Penguins
7978,6,1.9808333333333328,4.5,0.045,11.885,1,1,Pudgy Penguins
8030,5,3.0106,5.1,0.053,15.053,1,1,Pudgy Penguins
7972,5,0.7798,1.79,0.059,3.899,1,1,Pudgy Penguins
8001,4,3.1325,9.2,0.4,12.53,1,1,Pudgy Penguins
7994,2,0.325,0.45,0.2,0.65,1,1,Pudgy Penguins
8008,20,8.22488,21.12,2.3,164.4976,1,1,Pudgy Penguins
8012,10,2.26011,5.69,0.37,22.6011,1,1,Pudgy Penguins
8020,2,2.2195,4.39,0.049,4.439,1,1,Pudgy Penguins
8018,11,1.677618181818182,3.2,0.1,18.4538,1,1,Pudgy Penguins
8003,4,13.2625,24.99,4.92,53.05,1,1,Pudgy Penguins
8009,4,1.43095,2.6333,0.275,5.7238,1,1,Pudgy Penguins
8040,6,11.012166666666667,19.19,0.053,66.07300000000001,1,1,Pudgy Penguins
7983,15,6.347593333333333,13.26,0.055,95.2139,1,1,Pudgy Penguins
7970,4,1.7619999999999998,4.27,0.045,7.047999999999999,1,1,Pudgy Penguins
8041,11,7.825997727272727,29.91,0.047,86.085975,1,1,Pudgy Penguins
8032,12,7.124699916666667,21.75,0.0455,85.496399,1,1,Pudgy Penguins
7963,29,11.12191675862069,23.768,0.045,322.535586,1,1,Pudgy Penguins
7989,20,7.266450000000001,21.9,0.049,145.329,1,1,Pudgy Penguins
8005,1,2.35,2.35,2.35,2.35,1,1,Pudgy Penguins
7966,28,4.286928571428571,8.99,0.25,120.034,1,1,Pudgy Penguins
8002,5,10.3399196,18.498998,1.94,51.699598,1,1,Pudgy Penguins
7962,11,5.319636363636364,14.5,0.037,58.516000000000005,1,1,Pudgy Penguins
7995,7,3.6142857142857134,6.39,0.99,25.3,1,1,Pudgy Penguins
7857,4,10.6725,19.0,0.5,42.69,1,1,Pudgy Penguins
7922,12,2.834725,5.5,0.29,34.0167,1,1,Pudgy Penguins
7838,12,6.520458333333333,11.9,0.138,78.24549999999999,1,1,Pudgy Penguins
7885,3,0.66,0.99,0.39,1.98,1,1,Pudgy Penguins
7856,1,0.88,0.88,0.88,0.88,1,1,Pudgy Penguins
7879,10,5.525,16.7,0.8,55.25,1,1,Pudgy Penguins
7882,1,0.99,0.99,0.99,0.99,1,1,Pudgy Penguins
7873,21,5.68369380952381,14.125,0.99,119.35757,1,1,Pudgy Penguins
7837,3,2.299333333333333,2.85,1.35,6.898,1,1,Pudgy Penguins
7921,6,12.017566666666667,34.65,0.0454,72.1054,1,1,Pudgy Penguins
7940,4,0.5791000000000001,1.1989,0.05,2.3164,1,1,Pudgy Penguins
7847,18,9.465511055555556,18.2412,0.99,170.379199,1,1,Pudgy Penguins
7941,17,6.342993941176471,9.798,0.05,107.830897,1,1,Pudgy Penguins
7890,10,12.226495,28.69,0.99,122.26495,1,1,Pudgy Penguins
7917,3,2.2423333333333333,3.49,0.037,6.727,1,1,Pudgy Penguins
7945,4,6.42625,19.8,0.63,25.705,1,1,Pudgy Penguins
7855,4,1.0725,1.99,0.1,4.29,1,1,Pudgy Penguins
7841,9,1.4973324444444445,4.139992,0.18,13.475992,1,1,Pudgy Penguins
7935,3,1.413333333333333,2.395,0.045,4.24,1,1,Pudgy Penguins
7881,12,7.903583333333333,17.83,2.3,94.843,1,1,Pudgy Penguins
7913,21,6.038238095238095,12.25,0.017,126.803,1,1,Pudgy Penguins
7895,70,7.202907,27.28,0.2999,504.20349,1,1,Pudgy Penguins
7844,9,1.7327777777777778,3.49,0.18,15.595,1,1,Pudgy Penguins
7903,6,0.2373166666666667,0.865,0.044,1.4239000000000002,1,1,Pudgy Penguins
7859,10,9.8329976,19.43,0.1,98.329976,1,1,Pudgy Penguins
7947,19,4.012992631578947,6.03996,0.013,76.24686,1,1,Pudgy Penguins
7867,19,4.729526263157895,6.63,0.1,89.86099899999999,1,1,Pudgy Penguins
7836,10,7.965279,16.39999,0.12,79.65279,1,1,Pudgy Penguins
7845,3,1.0826666666666669,2.65,0.148,3.248,1,1,Pudgy Penguins
7868,4,1.2475,2.7,0.2,4.99,1,1,Pudgy Penguins
7858,5,3.0038,5.5,0.15,15.019,1,1,Pudgy Penguins
7899,15,9.745846666666669,14.72,0.05,146.1877,1,1,Pudgy Penguins
7909,36,6.972452722222222,18.99,0.055,251.008298,1,1,Pudgy Penguins
7929,2,0.0335,0.048,0.019,0.067,1,1,Pudgy Penguins
7892,17,7.804411764705883,26.5,1.45,132.675,1,1,Pudgy Penguins
7851,10,2.1719,8.0,0.054,21.719,1,1,Pudgy Penguins
7949,19,4.464456105263158,5.34,3.0,84.82466600000001,1,1,Pudgy Penguins
7842,3,0.606,0.79,0.278,1.818,1,1,Pudgy Penguins
7870,40,7.117348425,27.509966,0.054,284.693937,1,1,Pudgy Penguins
7928,30,4.6677360666666665,6.55,0.0125,140.032082,1,1,Pudgy Penguins
7931,54,6.710348148148148,26.35,0.0475,362.3588,1,1,Pudgy Penguins
7942,12,4.423991666666667,14.84,0.05,53.0879,1,1,Pudgy Penguins
7887,7,2.559857142857143,6.2,0.9,17.919,1,1,Pudgy Penguins
7888,6,2.9716666666666662,11.85,0.99,17.83,1,1,Pudgy Penguins
7924,26,9.157819153846154,31.45,0.047,238.103298,1,1,Pudgy Penguins
7934,4,10.919095,28.2,0.0475,43.67638,1,1,Pudgy Penguins
7902,11,1.5513636363636365,2.77,0.05,17.065,1,1,Pudgy Penguins
7918,6,1.842833333333333,2.64,0.039,11.057,1,1,Pudgy Penguins
7872,13,6.117769230769231,17.1,0.058,79.531,1,1,Pudgy Penguins
7897,9,19.628666111111112,35.25,0.3,176.657995,1,1,Pudgy Penguins
7871,4,15.710325,30.5,0.055,62.8413,1,1,Pudgy Penguins
7853,6,7.112499833333334,11.64,0.02,42.674999,1,1,Pudgy Penguins
7877,20,5.109603,11.38,1.4,102.19206,1,1,Pudgy Penguins
7850,6,8.185833333333333,15.56,0.055,49.115,1,1,Pudgy Penguins
7891,2,51.5,100.0,3.0,103.0,1,1,Pudgy Penguins
7946,17,3.857807647058824,9.67,0.0155,65.58273,1,1,Pudgy Penguins
7908,11,6.168172090909092,19.0,0.0499,67.84989300000001,1,1,Pudgy Penguins
7915,9,4.2541,13.0,0.0369,38.2869,1,1,Pudgy Penguins
7848,5,5.890000000000001,10.64,0.13,29.450000000000003,1,1,Pudgy Penguins
7943,19,9.523676894736845,35.2,0.02,180.949861,1,1,Pudgy Penguins
7860,25,4.86156,5.9,0.1,121.539,1,1,Pudgy Penguins
7874,4,4.26675,10.0,0.3,17.067,1,1,Pudgy Penguins
7894,24,10.50465,31.399,0.2999,252.1116,1,1,Pudgy Penguins
7926,8,4.996575,11.47,0.45,39.9726,1,1,Pudgy Penguins
7911,21,9.901366619047618,23.85,0.055,207.928699,1,1,Pudgy Penguins
7933,5,3.221,6.0,0.045,16.105,1,1,Pudgy Penguins
7904,6,10.2741,19.8,0.05,61.6446,1,1,Pudgy Penguins
7875,3,0.8383333333333334,0.99,0.725,2.515,1,1,Pudgy Penguins
7925,2,1.2200000000000002,2.2,0.24,2.4400000000000004,1,1,Pudgy Penguins
7839,40,8.690648975,17.93,0.078,347.625959,1,1,Pudgy Penguins
7905,1,0.05,0.05,0.05,0.05,1,1,Pudgy Penguins
7932,2,0.0367615,0.0475,0.026023,0.073523,1,1,Pudgy Penguins
7864,2,5.6450000000000005,11.15,0.14,11.29,1,1,Pudgy Penguins
7907,20,3.94095,7.7,0.054,78.819,1,1,Pudgy Penguins
7869,9,3.670477777777778,9.8492,0.052,33.0343,1,1,Pudgy Penguins
7840,4,8.75,15.35,2.0,35.0,1,1,Pudgy Penguins
7884,3,9.726666666666668,21.95,0.79,29.18,1,1,Pudgy Penguins
7901,51,6.662273627450981,43.0,0.02,339.775955,1,1,Pudgy Penguins
7849,3,0.7181666666666667,1.5555,0.199,2.1545,1,1,Pudgy Penguins
7910,5,7.007,16.67,0.055,35.035,1,1,Pudgy Penguins
7861,2,0.65,1.0,0.3,1.3,1,1,Pudgy Penguins
7948,16,4.02130625,5.89,0.0199,64.3409,1,1,Pudgy Penguins
7883,8,1.6077875,3.48,0.79,12.8623,1,1,Pudgy Penguins
7880,3,6.609666666666667,18.129,0.3,19.829,1,1,Pudgy Penguins
7865,35,5.090682857142857,7.08,0.1,178.1739,1,1,Pudgy Penguins
7906,19,5.768139263157894,10.1,0.035,109.594646,1,1,Pudgy Penguins
7927,8,3.975175,9.99,0.0444,31.8014,1,1,Pudgy Penguins
7937,1,0.495,0.495,0.495,0.495,1,1,Pudgy Penguins
7878,2,3.445,6.0,0.89,6.89,1,1,Pudgy Penguins
7923,5,7.46798,15.4499,0.5,37.3399,1,1,Pudgy Penguins
7930,4,9.3545,18.189,0.049,37.418,1,1,Pudgy Penguins
7886,4,2.4675,4.2,0.99,9.87,1,1,Pudgy Penguins
7936,27,5.059311111111112,16.7999,0.0475,136.6014,1,1,Pudgy Penguins
7900,2,1.025,2.0,0.05,2.05,1,1,Pudgy Penguins
7896,1,0.2999,0.2999,0.2999,0.2999,1,1,Pudgy Penguins
7898,21,7.903180952380953,11.5,0.05,165.9668,1,1,Pudgy Penguins
7919,3,1.0865,1.6195,0.39,3.2595,1,1,Pudgy Penguins
7876,6,7.776516666666666,19.999,0.85,46.6591,1,1,Pudgy Penguins
7835,20,5.085395,10.9,0.169,101.7079,1,1,Pudgy Penguins
7912,9,17.82922222222222,49.0,0.055,160.463,1,1,Pudgy Penguins
7938,11,8.068090909090909,19.97,0.25,88.749,1,1,Pudgy Penguins
7843,62,5.302788693548387,18.5,0.08,328.772899,1,1,Pudgy Penguins
7914,1,0.0369,0.0369,0.0369,0.0369,1,1,Pudgy Penguins
7854,25,4.1888812,9.85,0.02,104.72203,1,1,Pudgy Penguins
7862,8,3.910986625000001,4.549894,0.4,31.287893000000004,1,1,Pudgy Penguins
7863,28,4.4806,7.08,0.1,125.4568,1,1,Pudgy Penguins
7893,5,2.5557642,5.97,0.959,12.778821,1,1,Pudgy Penguins
7866,9,3.076655555555556,4.1,0.4,27.6899,1,1,Pudgy Penguins
7920,1,0.99,0.99,0.99,0.99,1,1,Pudgy Penguins
7939,7,1.0398571428571428,3.3,0.05,7.279,1,1,Pudgy Penguins
7846,2,3.5200000000000005,4.19,2.85,7.040000000000001,1,1,Pudgy Penguins
7852,2,2.51325,4.999,0.0275,5.0265,1,1,Pudgy Penguins
7944,1,0.44,0.44,0.44,0.44,1,1,Pudgy Penguins
7916,18,3.6549388888888887,5.0,0.0369,65.7889,1,1,Pudgy Penguins
7889,12,7.64575,29.0,1.25,91.749,1,1,Pudgy Penguins
7768,13,7.497148461538462,19.55,0.05,97.46293,1,1,Pudgy Penguins
7756,13,4.493615230769231,22.69,0.049,58.416998,1,1,Pudgy Penguins
7718,36,6.253463888888889,18.59,0.08,225.1247,1,1,Pudgy Penguins
7721,5,5.784000000000001,16.5,0.05,28.92,1,1,Pudgy Penguins
7746,23,4.317039130434782,5.25,0.525,99.2919,1,1,Pudgy Penguins
7782,12,14.629333583333334,26.77,0.0145,175.552003,1,1,Pudgy Penguins
7834,4,5.52725,8.0,0.14,22.109,1,1,Pudgy Penguins
7790,5,2.4638,8.69,0.049,12.319,1,1,Pudgy Penguins
7733,20,143.63081035,2800.0,0.047,2872.616207,1,1,Pudgy Penguins
7801,6,0.96915,2.25,0.04,5.8149,1,1,Pudgy Penguins
7755,12,4.9804615,12.12,0.049,59.765538,1,1,Pudgy Penguins
7830,2,0.45,0.88,0.02,0.9,1,1,Pudgy Penguins
7819,29,6.499974620689655,21.96,0.17,188.499264,1,1,Pudgy Penguins
7807,6,0.645,2.08,0.13,3.87,1,1,Pudgy Penguins
7778,2,1.045,2.0,0.09,2.09,1,1,Pudgy Penguins
7789,7,2.945242857142857,10.55,0.015,20.6167,1,1,Pudgy Penguins
7717,6,7.760166666666667,28.15,0.04,46.561,1,1,Pudgy Penguins
7722,7,7.393442857142857,18.28,0.06,51.7541,1,1,Pudgy Penguins
7774,17,4.76964705882353,20.299,0.01,81.084,1,1,Pudgy Penguins
7796,15,4.43848,6.0496,0.45,66.5772,1,1,Pudgy Penguins
7804,1,0.03,0.03,0.03,0.03,1,1,Pudgy Penguins
7754,17,6.442458823529412,33.0,0.049,109.5218,1,1,Pudgy Penguins
7806,14,9.530485,29.29,0.18,133.42678999999998,1,1,Pudgy Penguins
7761,3,0.6789999999999999,1.5,0.012,2.037,1,1,Pudgy Penguins
7832,3,0.903,1.999,0.06,2.709,1,1,Pudgy Penguins
7808,14,2.310407142857143,4.5,0.18,32.3457,1,1,Pudgy Penguins
7750,8,6.16475,20.0,0.049,49.318,1,1,Pudgy Penguins
7732,35,7.648482542857143,15.89,0.05,267.696889,1,1,Pudgy Penguins
7805,5,6.713800000000001,10.9,1.5,33.569,1,1,Pudgy Penguins
7731,9,6.857277777777778,20.69,0.029,61.715500000000006,1,1,Pudgy Penguins
7798,3,2.3966666666666665,3.75,1.0,7.19,1,1,Pudgy Penguins
7780,3,0.3213333333333333,0.93,0.013,0.964,1,1,Pudgy Penguins
7739,3,1.6386666666666667,3.69,0.276,4.916,1,1,Pudgy Penguins
7811,3,2.8366666666666664,4.22,0.3,8.51,1,1,Pudgy Penguins
7773,17,6.102911764705883,21.629,0.012,103.7495,1,1,Pudgy Penguins
7726,4,5.36725,20.169,0.03,21.469,1,1,Pudgy Penguins
7814,7,7.115714285714286,12.69,0.6,49.81,1,1,Pudgy Penguins
7764,10,2.1065,6.188,0.012,21.065,1,1,Pudgy Penguins
7766,3,0.4333333333333333,0.9,0.1,1.3,1,1,Pudgy Penguins
7742,2,1.73,3.11,0.35,3.46,1,1,Pudgy Penguins
7720,9,9.720888666666667,19.49,0.03,87.487998,1,1,Pudgy Penguins
7758,13,4.745147153846154,9.379913,0.049,61.686913,1,1,Pudgy Penguins
7784,7,1.8780285714285716,2.99,0.014,13.1462,1,1,Pudgy Penguins
7822,26,8.829206884615385,21.98,0.02,229.559379,1,1,Pudgy Penguins
7724,5,5.566,12.0,0.04,27.83,1,1,Pudgy Penguins
7730,30,3.766573333333333,7.08,0.03,112.9972,1,1,Pudgy Penguins
7812,3,1.7833333333333332,3.1,0.25,5.35,1,1,Pudgy Penguins
7771,4,1.72,3.75,0.03,6.88,1,1,Pudgy Penguins
7723,4,1.80375,2.635,0.03,7.215,1,1,Pudgy Penguins
7816,2,2.59,3.2,1.98,5.18,1,1,Pudgy Penguins
7767,3,0.2649999999999999,0.45,0.045,0.7949999999999999,1,1,Pudgy Penguins
7810,19,9.390436315789474,19.68,0.18,178.41829,1,1,Pudgy Penguins
7735,21,10.347888142857144,33.18,0.036,217.305651,1,1,Pudgy Penguins
7809,4,1.7325,2.9,0.18,6.93,1,1,Pudgy Penguins
7745,2,3.1875,5.85,0.525,6.375,1,1,Pudgy Penguins
7744,4,3.3075,5.89,0.64,13.23,1,1,Pudgy Penguins
7833,0,0.0,0.0,0.0,0.0,0,0,Pudgy Penguins
7738,13,6.413046153846153,14.3,0.276,83.36959999999999,1,1,Pudgy Penguins
7769,2,0.2375,0.3,0.175,0.475,1,1,Pudgy Penguins
7788,4,3.4897,10.45,0.027,13.9588,1,1,Pudgy Penguins
7729,5,2.9696,4.45,0.188,14.848,1,1,Pudgy Penguins
7799,2,2.125,3.1,1.15,4.25,1,1,Pudgy Penguins
7831,33,3.933,5.52,0.02,129.789,1,1,Pudgy Penguins
7734,3,2.7153333333333336,6.0,0.276,8.146,1,1,Pudgy Penguins
7795,18,5.915272222222223,10.99,0.275,106.4749,1,1,Pudgy Penguins
7770,5,8.898,22.5,0.2,44.49,1,1,Pudgy Penguins
7821,4,17.6415,30.0,0.046,70.566,1,1,Pudgy Penguins
7725,3,0.8206666666666668,2.222,0.04,2.462,1,1,Pudgy Penguins
7792,2,0.31,0.35,0.27,0.62,1,1,Pudgy Penguins
7829,1,0.015,0.015,0.015,0.015,1,1,Pudgy Penguins
7728,3,0.7426,1.1888,0.0235,2.2278,1,1,Pudgy Penguins
7719,6,2.234666666666667,3.99,0.069,13.408,1,1,Pudgy Penguins
7827,24,9.726430125,18.53,0.05,233.434323,1,1,Pudgy Penguins
7772,13,2.9899273846153847,4.3497,0.09,38.869056,1,1,Pudgy Penguins
7762,42,4.860902333333333,11.633,0.0122,204.157898,1,1,Pudgy Penguins
7820,6,1.383816666666667,5.21,0.046,8.302900000000001,1,1,Pudgy Penguins
7783,4,0.59375,1.79,0.06,2.375,1,1,Pudgy Penguins
7791,73,5.576632849315069,14.61,0.225,407.094198,1,1,Pudgy Penguins
7794,3,1.55,2.45,0.25,4.65,1,1,Pudgy Penguins
7751,28,9.298888857142858,21.0,0.049,260.368888,1,1,Pudgy Penguins
7815,3,2.01,3.9,0.24,6.029999999999999,1,1,Pudgy Penguins
7797,3,2.016666666666667,2.95,1.1,6.050000000000001,1,1,Pudgy Penguins
7828,7,3.7885714285714287,13.0,0.15,26.52,1,1,Pudgy Penguins
7802,14,3.5637039285714285,8.967,0.035,49.891855,1,1,Pudgy Penguins
7737,6,2.344321666666666,4.19993,0.276,14.06593,1,1,Pudgy Penguins
7759,16,3.303933125,6.4,0.049,52.86293,1,1,Pudgy Penguins
7818,22,7.519509090909091,18.46,0.24,165.4292,1,1,Pudgy Penguins
7825,1,3.5,3.5,3.5,3.5,1,1,Pudgy Penguins
7749,11,4.071345454545455,5.0,0.525,44.7848,1,1,Pudgy Penguins
7741,5,1.63488,2.99,0.055,8.1744,1,1,Pudgy Penguins
7813,6,1.393,2.95,0.3,8.358,1,1,Pudgy Penguins
7826,35,5.414857028571428,6.81,1.5,189.519996,1,1,Pudgy Penguins
7824,15,9.27132,26.25,0.041,139.0698,1,1,Pudgy Penguins
7785,2,0.8125,1.61,0.015,1.625,1,1,Pudgy Penguins
7800,2,1.74,2.0,1.48,3.48,1,1,Pudgy Penguins
7743,18,10.365978333333333,35.0,0.55,186.58761,1,1,Pudgy Penguins
7793,0,0.0,0.0,0.0,0.0,0,0,Pudgy Penguins
7740,9,2.8141,6.3,0.276,25.3269,1,1,Pudgy Penguins
7752,19,3.935157894736842,6.499,0.049,74.768,1,1,Pudgy Penguins
7777,4,1.138,2.3,0.012,4.552,1,1,Pudgy Penguins
7787,1,0.02,0.02,0.02,0.02,1,1,Pudgy Penguins
7753,17,8.573822352941177,13.67,0.049,145.75498,1,1,Pudgy Penguins
7748,9,8.177987777777778,10.7437,0.525,73.60189,1,1,Pudgy Penguins
7747,5,4.57882,6.8,0.525,22.8941,1,1,Pudgy Penguins
7760,29,6.608274689655173,21.94,0.012,191.639966,1,1,Pudgy Penguins
7757,9,1.706,3.35,0.049,15.354,1,1,Pudgy Penguins
7765,12,7.8975,14.4,0.8,94.77,1,1,Pudgy Penguins
7803,4,6.385,23.0,0.4,25.54,1,1,Pudgy Penguins
7786,1,0.014,0.014,0.014,0.014,1,1,Pudgy Penguins
7817,4,1.0545,2.0,0.48,4.218,1,1,Pudgy Penguins
7781,16,4.83261875,14.0,0.015,77.3219,1,1,Pudgy Penguins
7823,18,3.279722222222222,5.0,0.125,59.035,1,1,Pudgy Penguins
7776,19,3.535947368421052,6.0,0.012,67.18299999999999,1,1,Pudgy Penguins
7736,8,2.097975,5.55,0.276,16.7838,1,1,Pudgy Penguins
7775,3,0.6333333333333333,1.65,0.05,1.9,1,1,Pudgy Penguins
7763,46,6.062088652173913,23.69,0.012,278.856078,1,1,Pudgy Penguins
7727,6,2.1329666666666665,4.88,0.0188,12.7978,1,1,Pudgy Penguins
7779,3,1.7443333333333333,2.8,0.013,5.233,1,1,Pudgy Penguins
7704,2,2.845,4.2,1.49,5.69,1,1,Pudgy Penguins
7620,1,3.33,3.33,3.33,3.33,1,1,Pudgy Penguins
7608,32,3.93680625,5.5,0.05,125.9778,1,1,Pudgy Penguins
7622,9,0.7516666666666667,1.3,0.25,6.765000000000001,1,1,Pudgy Penguins
7690,5,1.617998,4.15,0.19,8.08999,1,1,Pudgy Penguins
7672,4,1.9125,3.0,0.35,7.65,1,1,Pudgy Penguins
7639,8,6.558625,13.67,0.049,52.469,1,1,Pudgy Penguins
7688,15,3.9903427333333337,4.9,0.025,59.855141,1,1,Pudgy Penguins
7618,46,6.58336952173913,31.97,0.25,302.834998,1,1,Pudgy Penguins
7678,85,5.363909388235294,24.98,3.71,455.932298,1,1,Pudgy Penguins
7703,6,2.4899768333333334,2.9999,1.995,14.939861,1,1,Pudgy Penguins
7657,33,9.286498363636364,21.59,0.19,306.454446,1,1,Pudgy Penguins
7641,15,3.3506,5.22,0.049,50.259,1,1,Pudgy Penguins
7699,6,1.6070833333333334,5.0,0.0495,9.6425,1,1,Pudgy Penguins
7655,8,2.565875,6.57,0.057,20.527,1,1,Pudgy Penguins
7631,3,2.313333333333333,3.99,0.95,6.94,1,1,Pudgy Penguins
7693,2,1.6225,3.2,0.045,3.245,1,1,Pudgy Penguins
7680,0,0.0,0.0,0.0,0.0,0,0,Pudgy Penguins
7679,28,4.504625,15.9497,3.41,126.1295,1,1,Pudgy Penguins
7705,7,31.225428571428573,69.0,8.888,218.578,1,1,Pudgy Penguins
7659,5,13.039600000000002,20.78,0.2,65.19800000000001,1,1,Pudgy Penguins
7674,21,6.805842857142856,16.27,0.35,142.9227,1,1,Pudgy Penguins
7668,1,0.35,0.35,0.35,0.35,1,1,Pudgy Penguins
7635,11,4.565454545454545,15.0,0.05,50.22,1,1,Pudgy Penguins
7682,24,8.362179124999999,15.999,0.0169,200.692299,1,1,Pudgy Penguins
7638,16,5.444,21.88,0.03,87.104,1,1,Pudgy Penguins
7656,90,6.428065555555556,17.5,0.011,578.5259,1,1,Pudgy Penguins
7654,4,5.38225,15.95,0.0544,21.529,1,1,Pudgy Penguins
7700,1,1.185,1.185,1.185,1.185,1,1,Pudgy Penguins
7617,1,11.0,11.0,11.0,11.0,1,1,Pudgy Penguins
7713,6,1.1567715,2.85,0.055,6.940629,1,1,Pudgy Penguins
7624,13,2.229476923076923,3.88,0.2222,28.9832,1,1,Pudgy Penguins
7616,2,0.13555,0.16,0.1111,0.2711,1,1,Pudgy Penguins
7662,7,4.599571428571429,5.5,1.09,32.197,1,1,Pudgy Penguins
7702,4,5.69,12.97,2.79,22.76,1,1,Pudgy Penguins
7649,22,3.946744545454545,7.29,0.018,86.82838,1,1,Pudgy Penguins
7671,7,3.368992857142857,8.8583,0.35,23.58295,1,1,Pudgy Penguins
7701,5,3.5700000000000003,5.9,2.3,17.85,1,1,Pudgy Penguins
7653,6,3.795683333333333,7.5,0.0541,22.7741,1,1,Pudgy Penguins
7712,13,10.394324384615384,30.19,0.054,135.126217,1,1,Pudgy Penguins
7651,8,4.8709875,30.0,0.0539,38.9679,1,1,Pudgy Penguins
7646,6,2.8706666666666667,8.42,0.054,17.224,1,1,Pudgy Penguins
7695,3,0.9849666666666668,2.65,0.045,2.9549,1,1,Pudgy Penguins
7660,5,1.6286200000000002,2.5,0.3,8.1431,1,1,Pudgy Penguins
7663,7,1.2277142857142855,3.0,0.02,8.594,1,1,Pudgy Penguins
7619,5,10.18486,16.344,5.99,50.9243,1,1,Pudgy Penguins
7667,7,2.897998571428571,5.32999,0.02,20.28599,1,1,Pudgy Penguins
7623,0,0.0,0.0,0.0,0.0,0,0,Pudgy Penguins
7612,20,6.2668427,15.09,0.2222,125.336854,1,1,Pudgy Penguins
7692,8,1.2943875,3.1,0.04,10.3551,1,1,Pudgy Penguins
7686,7,1.855,3.62,0.033,12.985,1,1,Pudgy Penguins
7652,12,2.9274991666666668,5.2711,0.02,35.12999,1,1,Pudgy Penguins
7670,23,6.017818260869565,17.16,0.35,138.40982,1,1,Pudgy Penguins
7630,4,2.8,4.8,1.0,11.2,1,1,Pudgy Penguins
7676,4,3.5625,5.4,0.35,14.25,1,1,Pudgy Penguins
7666,22,5.116409090909091,11.11,0.02,112.561,1,1,Pudgy Penguins
7613,21,9.194471428571427,17.999,0.1111,193.0839,1,1,Pudgy Penguins
7645,4,1.04605,2.48,0.0542,4.1842,1,1,Pudgy Penguins
7687,2,0.01985,0.025,0.0147,0.0397,1,1,Pudgy Penguins
7634,11,6.4602,13.45,0.015,71.0622,1,1,Pudgy Penguins
7697,14,5.956213285714286,11.98,0.0495,83.38698600000001,1,1,Pudgy Penguins
7681,21,11.294747619047618,35.2,0.015,237.1897,1,1,Pudgy Penguins
7708,4,2.01225,3.0,1.19,8.049,1,1,Pudgy Penguins
7644,5,1.2884,4.9,0.042,6.442,1,1,Pudgy Penguins
7673,3,2.016666666666667,3.5,0.35,6.050000000000001,1,1,Pudgy Penguins
7658,7,12.800985714285714,15.6969,0.17,89.6069,1,1,Pudgy Penguins
7677,2,7.675,15.0,0.35,15.35,1,1,Pudgy Penguins
7610,36,8.616785111111112,31.89,0.1111,310.204264,1,1,Pudgy Penguins
7607,11,4.821909090909091,18.24,0.05,53.041,1,1,Pudgy Penguins
7628,20,11.247445,21.0,5.0,224.9489,1,1,Pudgy Penguins
7621,9,6.037532111111111,13.6499,0.1111,54.337789,1,1,Pudgy Penguins
7636,20,8.3206245,16.48,0.0549,166.41249,1,1,Pudgy Penguins
7711,8,3.882512375,6.23,0.055,31.060099,1,1,Pudgy Penguins
7669,15,7.687473333333333,22.07,0.35,115.3121,1,1,Pudgy Penguins
7632,22,5.12604,10.977,0.013,112.77288,1,1,Pudgy Penguins
7637,22,3.9072181818181817,4.71,0.044,85.9588,1,1,Pudgy Penguins
7661,2,6.0595,11.67,0.449,12.119,1,1,Pudgy Penguins
7648,15,3.926533333333333,5.98,0.048,58.898,1,1,Pudgy Penguins
7691,12,10.95175,31.2,0.012,131.421,1,1,Pudgy Penguins
7675,29,6.1517040000000005,10.55,0.35,178.399416,1,1,Pudgy Penguins
7684,1,0.1,0.1,0.1,0.1,1,1,Pudgy Penguins
7683,3,0.6213333333333333,0.98,0.015,1.864,1,1,Pudgy Penguins
7615,18,9.7655,32.0,0.1111,175.779,1,1,Pudgy Penguins
7647,24,4.628655,7.12,0.053,111.08772,1,1,Pudgy Penguins
7609,4,1.90555,3.3,0.2222,7.622199999999999,1,1,Pudgy Penguins
7626,17,5.652094117647059,7.08,2.54,96.0856,1,1,Pudgy Penguins
7696,9,1.927505,5.169955,0.015,17.347545,1,1,Pudgy Penguins
7614,1,5.1,5.1,5.1,5.1,1,1,Pudgy Penguins
7650,11,8.208290909090909,22.24,0.019,90.2912,1,1,Pudgy Penguins
7715,4,1.59925,5.5,0.044,6.397,1,1,Pudgy Penguins
7698,12,10.211593,32.3,0.04,122.539116,1,1,Pudgy Penguins
7664,7,1.78792,3.5,0.029,12.51544,1,1,Pudgy Penguins
7709,26,13.559493884615383,23.79,0.055,352.54684100000003,1,1,Pudgy Penguins
7665,4,6.9018885,13.979954,0.02,27.607554,1,1,Pudgy Penguins
7716,2,0.4675,0.88,0.055,0.935,1,1,Pudgy Penguins
7611,3,0.2900333333333333,0.398,0.2222,0.8701000000000001,1,1,Pudgy Penguins
7689,29,5.07811724137931,20.0,0.02,147.2654,1,1,Pudgy Penguins
7642,1,0.47,0.47,0.47,0.47,1,1,Pudgy Penguins
7706,16,2.95500625,4.1,2.0,47.2801,1,1,Pudgy Penguins
7629,4,1.66975,2.0,1.2,6.679,1,1,Pudgy Penguins
7640,49,6.055099387755101,18.4,0.0545,296.69987,1,1,Pudgy Penguins
7643,9,7.046888888888889,11.13,0.042,63.422,1,1,Pudgy Penguins
7707,6,6.485833333333333,10.5,0.0575,38.915,1,1,Pudgy Penguins
7694,3,2.3116666666666665,5.39,0.045,6.935,1,1,Pudgy Penguins
7710,5,11.333,20.4,1.295,56.665,1,1,Pudgy Penguins
7714,3,0.5496666666666666,1.5,0.054,1.649,1,1,Pudgy Penguins
7625,0,0.0,0.0,0.0,0.0,0,0,Pudgy Penguins
7685,9,6.676666666666667,19.98,0.02,60.09,1,1,Pudgy Penguins
7633,19,4.132735736842105,13.679979,0.015,78.521979,1,1,Pudgy Penguins
7627,23,7.495326304347826,10.69,0.25,172.392505,1,1,Pudgy Penguins
7558,11,8.824481818181818,20.5499,0.042,97.0693,1,1,Pudgy Penguins
7557,3,3.184,8.82,0.042,9.552,1,1,Pudgy Penguins
7502,11,1.340818181818182,2.78,0.198,14.749,1,1,Pudgy Penguins
7565,25,4.179092,9.969,0.044,104.4773,1,1,Pudgy Penguins
7597,3,0.3816666666666666,0.95,0.045,1.145,1,1,Pudgy Penguins
7585,8,7.0103625,10.799,0.185,56.0829,1,1,Pudgy Penguins
7509,4,0.1825,0.42,0.047,0.73,1,1,Pudgy Penguins
7596,3,0.1046666666666666,0.149,0.045,0.314,1,1,Pudgy Penguins
7515,1,0.016,0.016,0.016,0.016,1,1,Pudgy Penguins
7599,2,12.45,18.0,6.9,24.9,1,1,Pudgy Penguins
7532,26,9.056939846153846,23.69,0.25,235.480436,1,1,Pudgy Penguins
7504,1,7.0,7.0,7.0,7.0,1,1,Pudgy Penguins
7539,23,4.512343,16.0,0.5,103.783889,1,1,Pudgy Penguins
7588,20,3.370995,4.47,1.5,67.4199,1,1,Pudgy Penguins
7589,4,7.91001275,9.58,6.300051,31.640051,1,1,Pudgy Penguins
7514,4,2.5695,4.8,0.068,10.278,1,1,Pudgy Penguins
7530,65,4.339615076923077,5.89,0.02,282.07498,1,1,Pudgy Penguins
7517,10,5.5329951,11.65,0.055,55.329951,1,1,Pudgy Penguins
7580,21,7.43405219047619,31.0,0.011,156.115096,1,1,Pudgy Penguins
7507,7,3.4197,10.75,0.012,23.9379,1,1,Pudgy Penguins
7576,29,5.923913620689655,18.89,0.0175,171.793495,1,1,Pudgy Penguins
7503,2,2.235,4.3,0.17,4.47,1,1,Pudgy Penguins
7546,6,2.0416666666666665,3.29,0.35,12.25,1,1,Pudgy Penguins
7555,21,5.796019047619048,11.935,0.042,121.7164,1,1,Pudgy Penguins
7506,6,2.562,6.66,0.054,15.372,1,1,Pudgy Penguins
7567,1,1.0,1.0,1.0,1.0,1,1,Pudgy Penguins
7563,7,4.087487142857142,6.18,0.0469,28.61241,1,1,Pudgy Penguins
7516,4,5.141249999999999,12.0,0.065,20.565,1,1,Pudgy Penguins
7512,1,0.018,0.018,0.018,0.018,1,1,Pudgy Penguins
7586,4,1.685,2.44,0.55,6.74,1,1,Pudgy Penguins
7499,14,3.884428571428572,7.65,0.047,54.382000000000005,1,1,Pudgy Penguins
7583,10,2.0405,4.3,0.295,20.405,1,1,Pudgy Penguins
7564,9,5.547306,14.769,0.0469,49.925754,1,1,Pudgy Penguins
7538,7,4.247,10.75,0.45,29.729,1,1,Pudgy Penguins
7566,12,9.158734583333333,22.13,0.0469,109.904815,1,1,Pudgy Penguins
7518,2,0.089,0.12,0.058,0.178,1,1,Pudgy Penguins
7598,11,9.629136363636364,22.97,0.055,105.9205,1,1,Pudgy Penguins
7525,6,1.4512333333333334,2.4444,0.008,8.7074,1,1,Pudgy Penguins
7548,8,13.184874875,23.899999,0.45,105.478999,1,1,Pudgy Penguins
7575,10,3.7397,11.8,0.04,37.397,1,1,Pudgy Penguins
7513,6,1.346666666666667,2.98,0.06,8.08,1,1,Pudgy Penguins
7535,5,2.1808,3.74,0.4,10.904,1,1,Pudgy Penguins
7553,8,7.46875,15.0,3.0,59.75,1,1,Pudgy Penguins
7570,5,2.3761,5.385,0.048,11.8805,1,1,Pudgy Penguins
7605,9,11.7,28.28,0.1,105.3,1,1,Pudgy Penguins
7579,1,0.011,0.011,0.011,0.011,1,1,Pudgy Penguins
7592,2,12.5,19.0,6.0,25.0,1,1,Pudgy Penguins
7527,7,1.8044571428571428,3.9,0.015,12.6312,1,1,Pudgy Penguins
7606,19,5.255521,12.8,0.046,99.854899,1,1,Pudgy Penguins
7603,27,7.795295962962963,13.4,0.19,210.472991,1,1,Pudgy Penguins
7541,6,2.813333333333333,6.0,0.4,16.88,1,1,Pudgy Penguins
7545,11,15.590909,36.0,3.0,171.499999,1,1,Pudgy Penguins
7587,12,10.975058333333337,26.7337,0.02,131.7007,1,1,Pudgy Penguins
7519,6,1.0621666666666667,2.74,0.058,6.373,1,1,Pudgy Penguins
7505,4,1.062222,1.48,0.36,4.248888,1,1,Pudgy Penguins
7533,16,9.418561875,15.85,0.33,150.69699,1,1,Pudgy Penguins
7561,3,1.6366666666666667,2.89,0.22,4.91,1,1,Pudgy Penguins
7510,7,2.7148571428571424,6.38,0.012,19.004,1,1,Pudgy Penguins
7582,10,9.2157371,24.0,0.029,92.157371,1,1,Pudgy Penguins
7572,9,0.9916666666666668,2.2,0.04,8.925,1,1,Pudgy Penguins
7604,2,0.25,0.4,0.1,0.5,1,1,Pudgy Penguins
7602,2,1.285,1.39,1.18,2.57,1,1,Pudgy Penguins
7550,8,4.60625,6.99,0.5,36.85,1,1,Pudgy Penguins
7559,12,7.895499833333333,16.35,0.22,94.745998,1,1,Pudgy Penguins
7511,5,0.2828,0.74,0.01,1.414,1,1,Pudgy Penguins
7577,4,1.653625,2.7489,0.07,6.6145,1,1,Pudgy Penguins
7595,27,3.8875185185185184,5.7186,0.0549,104.963,1,1,Pudgy Penguins
7554,2,5.421,10.8,0.042,10.842,1,1,Pudgy Penguins
7520,14,3.691057142857143,19.11,0.0525,51.6748,1,1,Pudgy Penguins
7543,8,6.31875,22.26,0.4,50.55,1,1,Pudgy Penguins
7573,26,3.624692307692308,8.459,0.048,94.242,1,1,Pudgy Penguins
7581,28,3.714765357142857,4.6,0.036,104.01343,1,1,Pudgy Penguins
7522,15,5.189382,10.998,0.02,77.84073000000001,1,1,Pudgy Penguins
7536,52,6.239361942307692,10.21,0.45,324.446821,1,1,Pudgy Penguins
7574,13,8.188976846153846,28.6494,0.89,106.456699,1,1,Pudgy Penguins
7526,32,8.14133121875,31.4,0.013,260.522599,1,1,Pudgy Penguins
7591,1,0.01,0.01,0.01,0.01,1,1,Pudgy Penguins
7571,3,0.9326666666666666,2.5,0.048,2.798,1,1,Pudgy Penguins
7542,24,13.991120375,36.4,0.35,335.786889,1,1,Pudgy Penguins
7551,16,6.3859515,15.45,0.33,102.175224,1,1,Pudgy Penguins
7556,8,2.7215,7.95,0.042,21.772,1,1,Pudgy Penguins
7540,14,5.469507142857142,12.01,0.33,76.5731,1,1,Pudgy Penguins
7500,15,7.8081876,19.88,2.5,117.122814,1,1,Pudgy Penguins
7528,11,3.182995363636364,6.0,0.053,35.012949,1,1,Pudgy Penguins
7508,12,14.721329249999998,21.709951,0.053,176.655951,1,1,Pudgy Penguins
7601,4,1.342,3.8,0.028,5.368,1,1,Pudgy Penguins
7537,14,6.583189357142857,19.81,0.3,92.164651,1,1,Pudgy Penguins
7547,6,2.813333333333334,5.99,0.45,16.880000000000003,1,1,Pudgy Penguins
7560,2,1.35,2.48,0.22,2.7,1,1,Pudgy Penguins
7569,8,1.82025,4.96,0.12,14.562,1,1,Pudgy Penguins
7578,4,0.704,1.5,0.05,2.816,1,1,Pudgy Penguins
7562,2,2.02345,4.0,0.0469,4.0469,1,1,Pudgy Penguins
7600,2,4.6,4.64,4.56,9.2,1,1,Pudgy Penguins
7531,4,0.6619999999999999,1.9,0.05,2.648,1,1,Pudgy Penguins
7498,22,5.65355,12.3,0.25,124.3781,1,1,Pudgy Penguins
7544,10,9.97646,25.1256,0.5,99.7646,1,1,Pudgy Penguins
7552,8,5.29726,11.489,0.8,42.37808,1,1,Pudgy Penguins
7584,5,0.952,1.9,0.04,4.76,1,1,Pudgy Penguins
7549,15,4.291913333333333,19.99,0.4,64.3787,1,1,Pudgy Penguins
7529,12,1.3114333333333332,2.59,0.05,15.7372,1,1,Pudgy Penguins
7501,4,11.723275,26.6231,3.5,46.8931,1,1,Pudgy Penguins
7524,2,0.0725,0.09,0.055,0.145,1,1,Pudgy Penguins
7568,4,8.279250000000001,16.328,0.149,33.117000000000004,1,1,Pudgy Penguins
7521,5,1.8076,2.89,0.02,9.038,1,1,Pudgy Penguins
7590,3,2.016633333333333,4.5,0.0499,6.0499,1,1,Pudgy Penguins
7593,10,3.0297975,7.8,0.01,30.297975,1,1,Pudgy Penguins
7594,37,4.249408108108108,6.11,0.055,157.2281,1,1,Pudgy Penguins
7534,1,12.7,12.7,12.7,12.7,1,1,Pudgy Penguins
7523,52,7.089247923076924,25.05,0.053,368.640892,1,1,Pudgy Penguins
7428,11,9.695363636363636,21.999,0.02,106.649,1,1,Pudgy Penguins
7478,9,7.769211,14.298899,0.75,69.922899,1,1,Pudgy Penguins
7461,11,4.573457272727273,14.85,0.05,50.30803,1,1,Pudgy Penguins
7442,8,4.58291875,10.5,1.03635,36.66335,1,1,Pudgy Penguins
7425,5,12.4,26.95,1.2,62.0,1,1,Pudgy Penguins
7482,5,2.41698,3.77,0.0149,12.0849,1,1,Pudgy Penguins
7396,22,6.450325045454545,22.95,0.055,141.907151,1,1,Pudgy Penguins
7436,13,9.647027307692309,15.449,0.03,125.411355,1,1,Pudgy Penguins
7494,9,5.768888777777779,14.599999,0.3,51.919999,1,1,Pudgy Penguins
7496,6,2.3636833333333334,6.66,0.041,14.1821,1,1,Pudgy Penguins
7446,11,2.744854545454545,5.06,0.049,30.1934,1,1,Pudgy Penguins
7418,23,6.400330434782608,16.2,0.025,147.2076,1,1,Pudgy Penguins
7437,6,2.276666666666667,3.63,0.14,13.66,1,1,Pudgy Penguins
7480,17,3.785802705882353,9.6,0.0149,64.358646,1,1,Pudgy Penguins
7440,12,3.175775,4.438,0.27,38.109300000000005,1,1,Pudgy Penguins
7392,12,7.144816666666666,14.9698,0.11,85.7378,1,1,Pudgy Penguins
7398,24,11.622120833333334,33.0,0.046,278.9309,1,1,Pudgy Penguins
7479,2,1.383,2.75,0.016,2.766,1,1,Pudgy Penguins
7401,8,6.622,28.988,0.049,52.976,1,1,Pudgy Penguins
7406,15,6.696926666666667,20.0,0.3999,100.4539,1,1,Pudgy Penguins
7463,16,2.59981875,4.85,0.05,41.5971,1,1,Pudgy Penguins
7433,14,4.953641428571428,11.16598,0.025,69.35097999999999,1,1,Pudgy Penguins
7390,9,8.406971888888888,20.77,0.0549,75.662747,1,1,Pudgy Penguins
7469,4,1.1110250000000002,2.87,0.061,4.444100000000001,1,1,Pudgy Penguins
7421,2,1.0,1.75,0.25,2.0,1,1,Pudgy Penguins
7474,19,13.622310526315788,26.1,4.0,258.8239,1,1,Pudgy Penguins
7429,12,6.071093333333334,18.5288,0.2149,72.85312,1,1,Pudgy Penguins
7391,4,0.87275,2.25,0.07,3.491,1,1,Pudgy Penguins
7397,16,7.0447174375,16.4,0.05,112.715479,1,1,Pudgy Penguins
7439,7,2.604942857142857,11.0,0.27,18.2346,1,1,Pudgy Penguins
7441,17,4.747623529411764,11.99,0.45,80.7096,1,1,Pudgy Penguins
7464,4,2.695,3.18,2.0,10.78,1,1,Pudgy Penguins
7497,10,7.29841,19.463,0.032,72.9841,1,1,Pudgy Penguins
7481,8,2.3653625,5.4,0.0149,18.9229,1,1,Pudgy Penguins
7432,8,1.1065,2.48,0.02,8.852,1,1,Pudgy Penguins
7404,5,6.5658,26.77,1.089,32.829,1,1,Pudgy Penguins
7444,18,11.894772166666666,32.84,0.049,214.105899,1,1,Pudgy Penguins
7410,8,0.568725,1.75,0.04,4.5498,1,1,Pudgy Penguins
7467,1,0.18,0.18,0.18,0.18,1,1,Pudgy Penguins
7455,3,4.333333333333333,7.0,0.05,13.0,1,1,Pudgy Penguins
7434,3,1.5694333333333332,2.35,0.025,4.7083,1,1,Pudgy Penguins
7476,3,0.8793333333333334,2.2,0.058,2.6380000000000003,1,1,Pudgy Penguins
7420,6,2.3166666666666664,3.5,1.16,13.9,1,1,Pudgy Penguins
7483,7,3.8467142857142855,6.55,0.099,26.927,1,1,Pudgy Penguins
7450,3,7.959666666666666,11.969,1.09,23.879,1,1,Pudgy Penguins
7472,2,0.735,1.3,0.17,1.47,1,1,Pudgy Penguins
7407,38,3.6949155263157896,5.5,0.04,140.40679,1,1,Pudgy Penguins
7394,5,2.3353,4.5,0.0465,11.6765,1,1,Pudgy Penguins
7491,4,1.8775,3.2,0.01,7.51,1,1,Pudgy Penguins
7470,13,1.091923076923077,3.099,0.05,14.195,1,1,Pudgy Penguins
7431,5,6.577680000000001,12.9,0.025,32.888400000000004,1,1,Pudgy Penguins
7427,8,6.37486,16.1,0.025,50.99888,1,1,Pudgy Penguins
7417,14,4.743871142857143,8.599997,0.04,66.414196,1,1,Pudgy Penguins
7393,18,7.861639055555555,22.4,0.056,141.509503,1,1,Pudgy Penguins
7453,3,7.726666666666667,15.8,2.5,23.18,1,1,Pudgy Penguins
7405,12,3.478333333333333,6.5,0.49,41.74,1,1,Pudgy Penguins
7430,13,6.166146153846153,11.95,0.3199,80.1599,1,1,Pudgy Penguins
7414,0,0.0,0.0,0.0,0.0,0,0,Pudgy Penguins
7471,4,4.4,6.6,2.0,17.6,1,1,Pudgy Penguins
7465,26,9.230353730769233,24.079988,0.18,239.989197,1,1,Pudgy Penguins
7487,12,7.608744333333333,21.665,0.01,91.304932,1,1,Pudgy Penguins
7473,6,7.10335,10.8,5.0001,42.6201,1,1,Pudgy Penguins
7458,17,7.905647058823528,20.768,0.05,134.396,1,1,Pudgy Penguins
7426,7,3.723128571428572,10.5,0.04,26.0619,1,1,Pudgy Penguins
7485,3,2.5866666666666664,4.0,0.01,7.76,1,1,Pudgy Penguins
7408,29,4.6901065517241385,10.79799,0.02,136.01309,1,1,Pudgy Penguins
7462,25,4.6959152,22.25,0.05,117.39788,1,1,Pudgy Penguins
7448,2,0.6244999999999999,1.2,0.049,1.249,1,1,Pudgy Penguins
7445,10,7.40971,12.98,0.049,74.0971,1,1,Pudgy Penguins
7490,4,0.3677749999999999,1.0,0.01,1.4711,1,1,Pudgy Penguins
7395,17,3.691105882352941,5.3,0.077,62.7488,1,1,Pudgy Penguins
7484,18,4.255066666666667,10.17,0.01,76.5912,1,1,Pudgy Penguins
7423,15,6.463273333333333,10.97,0.05,96.9491,1,1,Pudgy Penguins
7456,19,6.951052631578947,18.1,0.05,132.07,1,1,Pudgy Penguins
7495,4,2.0875,3.65,0.15,8.35,1,1,Pudgy Penguins
7457,4,0.6125,1.45,0.05,2.45,1,1,Pudgy Penguins
7460,8,4.098743375,9.2,0.05,32.789947,1,1,Pudgy Penguins
7452,8,3.2824875,6.111,0.75,26.2599,1,1,Pudgy Penguins
7403,21,9.713190476190476,18.788,0.058,203.977,1,1,Pudgy Penguins
7422,16,7.742164375,31.85,0.23,123.87463,1,1,Pudgy Penguins
7492,27,4.9735000000000005,7.08,0.01,134.2845,1,1,Pudgy Penguins
7459,5,4.8576718,10.1,0.05,24.288359,1,1,Pudgy Penguins
7389,23,3.752573913043479,14.25,0.125,86.3092,1,1,Pudgy Penguins
7438,3,1.0431666666666668,2.7,0.0495,3.1295,1,1,Pudgy Penguins
7486,9,2.7533111111111115,4.95,0.01,24.7798,1,1,Pudgy Penguins
7415,0,0.0,0.0,0.0,0.0,0,0,Pudgy Penguins
7424,3,1.2033333333333334,2.06,0.25,3.61,1,1,Pudgy Penguins
7399,8,5.6931125,9.2,0.0479,45.5449,1,1,Pudgy Penguins
7416,4,2.6100000000000003,4.19,0.05,10.44,1,1,Pudgy Penguins
7435,9,4.128139111111111,14.44,0.025,37.153252,1,1,Pudgy Penguins
7411,2,2.775,3.4,2.15,5.55,1,1,Pudgy Penguins
7489,4,1.860475,2.9,0.0419,7.4419,1,1,Pudgy Penguins
7475,1,8.88,8.88,8.88,8.88,1,1,Pudgy Penguins
7412,11,6.133955545454546,10.44,1.65,67.473511,1,1,Pudgy Penguins
7409,11,2.726453636363636,4.8,0.025,29.99099,1,1,Pudgy Penguins
7466,1,0.15,0.15,0.15,0.15,1,1,Pudgy Penguins
7454,9,4.721477777777778,10.2,0.08,42.493300000000005,1,1,Pudgy Penguins
7493,9,6.1818888888888885,16.7,1.199,55.637,1,1,Pudgy Penguins
7477,4,2.96125,6.215,1.15,11.845,1,1,Pudgy Penguins
7400,48,5.320215166666666,12.44,1e-05,255.370328,1,1,Pudgy Penguins
7449,19,7.645946842105263,11.5,0.049,145.27299,1,1,Pudgy Penguins
7419,2,13.55,22.1,5.0,27.1,1,1,Pudgy Penguins
7468,7,3.612428571428571,5.4,0.38,25.287,1,1,Pudgy Penguins
7447,6,1.5178333333333331,2.75,0.049,9.107,1,1,Pudgy Penguins
7402,6,8.187333333333333,21.9,0.054,49.124,1,1,Pudgy Penguins
7443,27,7.944625925925925,24.49,1.3499,214.5049,1,1,Pudgy Penguins
7413,1,5.0,5.0,5.0,5.0,1,1,Pudgy Penguins
7451,4,5.94,7.47,1.75,23.76,1,1,Pudgy Penguins
7488,50,6.721667579999999,17.9906,0.012,336.083379,1,1,Pudgy Penguins
7377,5,2.85,7.2,0.4,14.25,1,1,Pudgy Penguins
7330,10,4.371,9.85,0.68,43.71,1,1,Pudgy Penguins
7371,2,1.155,1.98,0.33,2.31,1,1,Pudgy Penguins
7319,1,3.5,3.5,3.5,3.5,1,1,Pudgy Penguins
7323,4,1.336725,1.7969,1.0,5.3469,1,1,Pudgy Penguins
7314,16,12.7682331875,34.55,0.04,204.291731,1,1,Pudgy Penguins
7367,0,0.0,0.0,0.0,0.0,0,0,Pudgy Penguins
7304,7,9.492142857142856,19.98,0.045,66.445,1,1,Pudgy Penguins
7349,7,8.744071428571429,15.1999,0.29,61.2085,1,1,Pudgy Penguins
7358,7,4.097132857142857,8.78,0.4,28.67993,1,1,Pudgy Penguins
7292,18,9.612829444444444,24.5,0.045,173.03093,1,1,Pudgy Penguins
7379,20,7.111095000000001,16.27,0.45,142.2219,1,1,Pudgy Penguins
7336,10,9.46378,12.25,2.649,94.6378,1,1,Pudgy Penguins
7302,2,0.0725,0.095,0.05,0.145,1,1,Pudgy Penguins
7366,16,5.66455625,11.923,0.8,90.6329,1,1,Pudgy Penguins
7298,13,3.2294854615384616,10.09,0.011,41.983311,1,1,Pudgy Penguins
7285,17,3.352129117647059,9.98,0.052,56.986195,1,1,Pudgy Penguins
7318,34,6.420941176470588,11.35,0.044,218.312,1,1,Pudgy Penguins
7372,4,3.4875,6.5,0.4,13.95,1,1,Pudgy Penguins
7381,4,6.91425,14.069,1.5,27.657,1,1,Pudgy Penguins
7343,5,1.58,3.0,0.45,7.9,1,1,Pudgy Penguins
7321,31,4.169235451612903,6.5,1.4215,129.246299,1,1,Pudgy Penguins
7295,2,0.4455,0.88,0.011,0.891,1,1,Pudgy Penguins
7324,9,5.950178333333334,9.85,0.94,53.551605,1,1,Pudgy Penguins
7364,7,1.7942857142857145,3.0,0.45,12.56,1,1,Pudgy Penguins
7317,14,6.125328571428571,11.75,0.0549,85.7546,1,1,Pudgy Penguins
7299,2,0.09385,0.1767,0.011,0.1877,1,1,Pudgy Penguins
7378,2,2.7,4.95,0.45,5.4,1,1,Pudgy Penguins
7383,3,0.189,0.4,0.042,0.5670000000000001,1,1,Pudgy Penguins
7289,5,1.2022,2.4,0.011,6.011,1,1,Pudgy Penguins
7382,2,0.275,0.5,0.05,0.55,1,1,Pudgy Penguins
7346,19,7.1342105263157904,34.0,0.45,135.55,1,1,Pudgy Penguins
7380,10,3.179,5.7,0.5,31.79,1,1,Pudgy Penguins
7357,22,4.797090454545455,10.68,0.4,105.53599,1,1,Pudgy Penguins
7333,3,2.9966666666666666,6.0,1.0,8.99,1,1,Pudgy Penguins
7384,5,2.654,9.98,0.09,13.27,1,1,Pudgy Penguins
7309,7,2.329857142857143,6.5,0.039,16.309,1,1,Pudgy Penguins
7316,13,4.702915384615385,10.19,0.0379,61.1379,1,1,Pudgy Penguins
7335,2,3.705,3.97,3.44,7.41,1,1,Pudgy Penguins
7334,4,11.284475,19.0,0.06,45.1379,1,1,Pudgy Penguins
7375,3,1.688,2.524,0.4,5.064,1,1,Pudgy Penguins
7341,3,5.168,13.0,0.014,15.504,1,1,Pudgy Penguins
7307,16,11.0563375,19.489,0.045,176.9014,1,1,Pudgy Penguins
7315,7,1.2534142857142856,3.45,0.0379,8.7739,1,1,Pudgy Penguins
7288,17,5.135837941176471,12.5,0.0575,87.309245,1,1,Pudgy Penguins
7345,13,9.303280846153848,18.4,0.4,120.942651,1,1,Pudgy Penguins
7369,6,2.475,6.55,0.5,14.85,1,1,Pudgy Penguins
7356,3,1.4533333333333334,2.1,0.5,4.36,1,1,Pudgy Penguins
7312,12,1.6100666666666663,4.3,0.0388,19.3208,1,1,Pudgy Penguins
7351,13,3.456760769230769,5.52,0.4,44.93789,1,1,Pudgy Penguins
7286,8,1.28975,3.75,0.001,10.318,1,1,Pudgy Penguins
7360,4,4.98725,12.699,0.4,19.949,1,1,Pudgy Penguins
7303,17,8.123629411764705,20.0,0.011,138.1017,1,1,Pudgy Penguins
7308,17,10.742582352941175,37.94,0.011,182.6239,1,1,Pudgy Penguins
7297,5,10.746,15.99,0.011,53.73,1,1,Pudgy Penguins
7344,2,3.75,6.0,1.5,7.5,1,1,Pudgy Penguins
7374,4,33.66,50.0,8.0,134.64,1,1,Pudgy Penguins
7355,9,5.060877777777778,19.99,0.4,45.5479,1,1,Pudgy Penguins
7359,26,4.885315384615384,6.0302,0.4,127.0182,1,1,Pudgy Penguins
7313,6,2.4193333333333333,10.0,0.044,14.516,1,1,Pudgy Penguins
7326,47,3.855436170212766,5.1256,1.5,181.2055,1,1,Pudgy Penguins
7328,17,5.093056176470588,10.19,1.365955,86.581955,1,1,Pudgy Penguins
7385,37,3.968216216216217,4.95,0.07,146.824,1,1,Pudgy Penguins
7363,17,8.187435294117646,16.8945,1.25,139.1864,1,1,Pudgy Penguins
7320,10,7.2385732,16.3,1.067,72.385732,1,1,Pudgy Penguins
7348,28,11.92226642857143,23.891879,0.4,333.82346,1,1,Pudgy Penguins
7306,3,0.1854333333333333,0.3113,0.045,0.5563,1,1,Pudgy Penguins
7332,10,9.3881599,17.83,1.21,93.881599,1,1,Pudgy Penguins
7342,4,4.815,9.81,0.45,19.26,1,1,Pudgy Penguins
7387,5,0.2241,0.6,0.0145,1.1205,1,1,Pudgy Penguins
7291,7,2.967557142857143,12.6989,0.045,20.7729,1,1,Pudgy Penguins
7331,3,6.66,10.13,2.85,19.98,1,1,Pudgy Penguins
7300,15,2.478199,5.04,0.045,37.172985,1,1,Pudgy Penguins
7352,8,6.469875,10.99,0.4,51.759,1,1,Pudgy Penguins
7322,10,2.50375,4.4208,1.198,25.0375,1,1,Pudgy Penguins
7284,10,1.485709,2.4765,0.052,14.85709,1,1,Pudgy Penguins
7368,18,5.665494333333333,10.8,0.4,101.978898,1,1,Pudgy Penguins
7301,13,11.554246153846153,19.197,0.011,150.2052,1,1,Pudgy Penguins
7290,9,3.893442222222222,8.9,0.011,35.04098,1,1,Pudgy Penguins
7353,18,4.761488611111111,10.89,0.4,85.706795,1,1,Pudgy Penguins
7338,18,12.148444444444443,31.0,2.17,218.672,1,1,Pudgy Penguins
7340,12,9.267041666666666,17.088,0.0485,111.2045,1,1,Pudgy Penguins
7386,5,5.125,16.18,0.09,25.625,1,1,Pudgy Penguins
7361,1,0.45,0.45,0.45,0.45,1,1,Pudgy Penguins
7388,7,1.302503142857143,3.1,0.046,9.117522,1,1,Pudgy Penguins
7327,5,7.6191536,10.89,2.2,38.095768,1,1,Pudgy Penguins
7350,7,1.6085714285714283,2.89,0.45,11.26,1,1,Pudgy Penguins
7337,4,2.09540125,3.0,0.834,8.381605,1,1,Pudgy Penguins
7293,4,0.894425,2.99,0.011,3.5777,1,1,Pudgy Penguins
7365,2,244.5,420.0,69.0,489.0,1,1,Pudgy Penguins
7370,13,5.333229230769231,12.128,0.33,69.33198,1,1,Pudgy Penguins
7339,7,2.2065,5.88,0.0485,15.4455,1,1,Pudgy Penguins
7311,6,4.7781666666666665,12.8,0.044,28.669,1,1,Pudgy Penguins
7373,4,4.58,10.99,0.45,18.32,1,1,Pudgy Penguins
7325,11,7.487815909090909,12.6,0.049,82.365975,1,1,Pudgy Penguins
7376,15,4.403019933333334,7.61,0.4,66.045299,1,1,Pudgy Penguins
7287,5,1.6156,3.98,0.048,8.078,1,1,Pudgy Penguins
7305,8,0.93675,2.25,0.045,7.494,1,1,Pudgy Penguins
7296,20,5.12655,7.08,0.011,102.531,1,1,Pudgy Penguins
7362,34,7.404781823529412,21.75,0.4,251.762582,1,1,Pudgy Penguins
7347,12,7.1083325833333335,19.0,0.45,85.299991,1,1,Pudgy Penguins
7294,35,7.150791428571429,18.888,0.01,250.2777,1,1,Pudgy Penguins
7329,3,10.52,19.0,1.5,31.56,1,1,Pudgy Penguins
7310,15,8.148803266666667,17.44,0.03,122.232049,1,1,Pudgy Penguins
7354,2,7.9,8.0,7.8,15.8,1,1,Pudgy Penguins
7223,10,1.3926,3.95,0.027,13.926,1,1,Pudgy Penguins
7174,3,6.37,10.0,1.11,19.11,1,1,Pudgy Penguins
7280,2,0.037,0.054,0.02,0.074,1,1,Pudgy Penguins
7200,8,2.3310625,8.8,0.05,18.6485,1,1,Pudgy Penguins
7176,12,8.386000000000001,14.68,0.041,100.632,1,1,Pudgy Penguins
7276,21,3.6847857142857134,10.646,0.0495,77.3805,1,1,Pudgy Penguins
7221,18,6.632360555555556,12.04,1.0525,119.38249,1,1,Pudgy Penguins
7204,30,7.584153,20.27,1.59,227.52459,1,1,Pudgy Penguins
7243,16,6.1366425,11.7486,1.25,98.18628,1,1,Pudgy Penguins
7218,20,13.03761485,32.3,1.4,260.752297,1,1,Pudgy Penguins
7241,11,2.669209090909091,5.11,1.0,29.3613,1,1,Pudgy Penguins
7225,14,2.481964285714286,5.397,0.053,34.7475,1,1,Pudgy Penguins
7253,2,2.2,2.3,2.1,4.4,1,1,Pudgy Penguins
7191,22,4.607759090909091,17.6,0.041,101.3707,1,1,Pudgy Penguins
7264,4,1.86404125,4.09,0.175,7.456165,1,1,Pudgy Penguins
7201,19,3.701757842105263,5.25,0.049,70.333399,1,1,Pudgy Penguins
7277,18,5.0693965,13.589,0.011,91.249137,1,1,Pudgy Penguins
7273,8,1.7048125,4.05,0.015,13.6385,1,1,Pudgy Penguins
7266,9,10.155333333333331,28.8,0.03,91.398,1,1,Pudgy Penguins
7220,32,8.898465625,18.0,2.0,284.7509,1,1,Pudgy Penguins
7179,4,7.3475,18.67,0.041,29.39,1,1,Pudgy Penguins
7232,1,1.25,1.25,1.25,1.25,1,1,Pudgy Penguins
7271,5,10.27278,21.349,0.0149,51.3639,1,1,Pudgy Penguins
7229,12,7.856533333333334,23.5,2.6305,94.2784,1,1,Pudgy Penguins
7183,41,6.505984024390243,12.12,0.041,266.745345,1,1,Pudgy Penguins
7195,2,0.1,0.15,0.05,0.2,1,1,Pudgy Penguins
7231,9,6.116044444444444,13.66,1.0,55.0444,1,1,Pudgy Penguins
7236,28,5.264539642857143,27.3,1.25,147.40711,1,1,Pudgy Penguins
7190,5,1.355,2.835,0.041,6.775,1,1,Pudgy Penguins
7205,4,7.289,12.186,2.3,29.156,1,1,Pudgy Penguins
7283,1,0.3,0.3,0.3,0.3,1,1,Pudgy Penguins
7217,26,4.99550423076923,11.91,1.39,129.88311,1,1,Pudgy Penguins
7263,4,2.126875,6.99,0.175,8.5075,1,1,Pudgy Penguins
7262,13,2.9727615384615382,5.0636,0.22,38.6459,1,1,Pudgy Penguins
7186,10,16.297479,33.27,0.045,162.97478999999998,1,1,Pudgy Penguins
7198,2,4.1495,8.25,0.049,8.299,1,1,Pudgy Penguins
7210,70,6.71912,32.45,1.69,470.3384,1,1,Pudgy Penguins
7227,4,0.98025,2.33,0.192,3.921,1,1,Pudgy Penguins
7226,3,5.283,15.0,0.049,15.849,1,1,Pudgy Penguins
7235,7,7.708571428571429,16.1,1.0,53.96,1,1,Pudgy Penguins
7246,23,4.465800000000001,5.9,1.6,102.7134,1,1,Pudgy Penguins
7184,3,0.5303333333333334,1.0,0.041,1.5910000000000002,1,1,Pudgy Penguins
7245,12,10.573708333333334,32.146,1.12,126.8845,1,1,Pudgy Penguins
7172,14,7.90687,20.44,0.041,110.69618,1,1,Pudgy Penguins
7238,15,4.097873333333333,6.5,0.698,61.4681,1,1,Pudgy Penguins
7214,4,11.04265,14.0,9.2006,44.1706,1,1,Pudgy Penguins
7250,6,4.525033333333334,11.33,0.349,27.1502,1,1,Pudgy Penguins
7207,3,2.0166666666666666,2.89,1.4,6.05,1,1,Pudgy Penguins
7222,3,4.166666666666667,10.45,0.06,12.5,1,1,Pudgy Penguins
7242,13,16.74668453846154,33.799899,1.0,217.706899,1,1,Pudgy Penguins
7272,21,7.107947142857142,23.509,0.019,149.26689,1,1,Pudgy Penguins
7257,20,8.573415,17.49,0.055,171.4683,1,1,Pudgy Penguins
7180,5,2.54646,4.296,0.041,12.7323,1,1,Pudgy Penguins
7239,13,9.595553846153846,32.8,0.835,124.7422,1,1,Pudgy Penguins
7202,27,9.97801374074074,19.69,0.65,269.406371,1,1,Pudgy Penguins
7247,3,5.333333333333333,7.5,2.0,16.0,1,1,Pudgy Penguins
7197,2,0.1195,0.19,0.049,0.239,1,1,Pudgy Penguins
7233,6,2.1075,2.98,1.0,12.645,1,1,Pudgy Penguins
7187,64,4.797792109375,8.71,0.041,307.058695,1,1,Pudgy Penguins
7255,14,7.191912214285714,32.25,0.349,100.686771,1,1,Pudgy Penguins
7177,9,22.01211111111111,42.069,3.0,198.109,1,1,Pudgy Penguins
7185,4,3.10775,4.5,0.041,12.431,1,1,Pudgy Penguins
7224,9,0.8588544444444444,1.593,0.04,7.72969,1,1,Pudgy Penguins
7175,25,4.6095440000000005,6.39,0.041,115.2386,1,1,Pudgy Penguins
7199,19,8.277568421052631,26.48,0.05,157.2738,1,1,Pudgy Penguins
7275,4,0.604975,1.5,0.0109,2.4199,1,1,Pudgy Penguins
7192,20,6.72544995,10.999999,0.049,134.508999,1,1,Pudgy Penguins
7282,6,1.6383333333333334,2.5,1.26,9.83,1,1,Pudgy Penguins
7206,5,38.85534,69.3467,10.0,194.2767,1,1,Pudgy Penguins
7252,1,3.5,3.5,3.5,3.5,1,1,Pudgy Penguins
7254,4,6.727375,8.81,2.5,26.9095,1,1,Pudgy Penguins
7182,1,2.0,2.0,2.0,2.0,1,1,Pudgy Penguins
7234,15,6.1710666666666665,16.18,1.0,92.566,1,1,Pudgy Penguins
7173,16,5.1517631875,10.01,0.041,82.428211,1,1,Pudgy Penguins
7209,3,3.716633333333333,4.1499,3.0,11.1499,1,1,Pudgy Penguins
7251,7,7.4951302857142865,16.5,1.0,52.465912,1,1,Pudgy Penguins
7270,15,5.415926,12.1,0.0149,81.23889,1,1,Pudgy Penguins
7258,57,4.160767105263158,11.1,0.09,237.163725,1,1,Pudgy Penguins
7260,7,5.140994,9.21,0.018,35.986958,1,1,Pudgy Penguins
7281,3,1.0146666666666668,2.49,0.054,3.0440000000000005,1,1,Pudgy Penguins
7265,10,3.5647930000000003,5.17,0.065,35.64793,1,1,Pudgy Penguins
7213,2,1.3250000000000002,1.6,1.05,2.6500000000000004,1,1,Pudgy Penguins
7259,8,2.3600625,4.788,0.1,18.8805,1,1,Pudgy Penguins
7216,5,4.73438,7.8919,1.0,23.6719,1,1,Pudgy Penguins
7249,1,0.349,0.349,0.349,0.349,1,1,Pudgy Penguins
7240,3,3.1733333333333333,4.0,1.7,9.52,1,1,Pudgy Penguins
7178,18,3.9852222222222218,7.08,0.041,71.734,1,1,Pudgy Penguins
7189,3,2.4803333333333333,4.0,0.041,7.441,1,1,Pudgy Penguins
7261,19,7.465810526315789,27.27,0.125,141.8504,1,1,Pudgy Penguins
7256,2,2.6944,3.8888,1.5,5.3888,1,1,Pudgy Penguins
7230,8,1.915658375,4.0,0.81,15.325267,1,1,Pudgy Penguins
7237,5,2.562,3.11,1.0,12.81,1,1,Pudgy Penguins
7278,18,4.133701666666667,10.55,0.0109,74.40663,1,1,Pudgy Penguins
7244,28,8.671564285714286,19.69,1.25,242.8038,1,1,Pudgy Penguins
7188,11,7.860872909090909,14.7,0.041,86.469602,1,1,Pudgy Penguins
7208,8,5.882125,10.797,1.7,47.057,1,1,Pudgy Penguins
7211,37,4.979089054054054,14.77,1.69,184.226295,1,1,Pudgy Penguins
7212,58,7.982036206896551,33.15,1.64,462.9581,1,1,Pudgy Penguins
